2095 3206
234 197 282 235 98
949 210 1229 236 VALERJANEAE.
1656 200 1918 239 Valerz‘anella
1925 231 1937 240 .

229 279 520 325 campanulato,
549 281 665 325 atque
692 279 912 325 praesertim
953 279 1098 316 loculis
1136 280 1335 316 sterilibus
1366 280 1484 317 fertili
1505 281 1668 318 dimidio
1689 284 1842 318 tantum
1872 294 1947 319 nec

230 325 432 362 multoties
463 326 768 372 angustioribus,
799 336 878 362 non
913 326 1186 363 filiso‘rmihus.
1218 327 1384 364 Fructus
1417 328 1472 364 eis
1515 328 1551 364 V.
1571 329 1769 366 uncinatoe
1795 331 1942 377 saepius

230 374 414 409 minores.

484 485 503 504 ²
552 485 572 503 ²
623 486 780 532 Calycis
800 486 948 523 limbus
967 488 1008 522 in
1029 490 1105 523 tres
1122 488 1286 523 lacinias
1314 488 1486 534 aequales
1504 489 1684 535 partitus.

289 589 329 629 4.
362 587 422 630 V.
445 586 738 641 Triplaris
763 586 922 641 (Boiss.
949 590 991 629 et
1016 586 1161 629 Buhse
1180 587 1304 630 Aufz.
1333 600 1374 641 p.
1394 587 1441 642 3)
1462 587 1755 641 glabriuscula
1776 587 1942 640 pumila

229 647 351 689 caule
374 659 396 687 a
423 646 517 688 basi
543 645 693 687 stricte
716 645 959 688 dichotomo
983 647 1255 700 corymboso,
1291 645 1405 688 foliis
1445 646 1626 699 i'itegris
1652 645 1938 688 inferioribus

227 704 424 758 oblongis
444 704 626 746 summis
654 704 906 757 linearibus,
930 705 1066 759 cymis
1095 704 1218 755 laxis,
1253 705 1388 746 ramis
1428 704 1666 748 fructiferis
1692 705 1939 747 subincras-

228 763 334 805 satis
352 763 566 816 angulatis
586 762 841 815 fragillimis,
866 764 1051 806 bracteis
1075 763 1525 816 oblongo-linearibus
1544 763 1680 806 acutis
1701 762 1938 815 herbaccis,

226 822 442 864 fructibus
468 822 635 864 minute
670 822 898 874 puberulis
921 822 1171 876 cylindricis
1213 822 1338 864 duris
1363 822 1502 865 antice
1535 823 1655 865 sulco
1683 825 1868 875 angusto
1894 825 1939 864 et

225 880 322 923 basi
345 879 486 934 gibbis
510 880 623 922 binis
646 880 995 934 prominentibus
1015 881 1257 932 instructis,
1285 880 1417 923 lImbo
1453 881 1611 934 calycis
1638 880 1937 935 patellaeformi

226 939 280 981 ad
291 940 413 981 basin
436 940 639 993 usquein
663 943 754 981 tres
770 940 946 982 lacinias
962 940 1124 993 (rarius
1146 940 1185 991 ⁶2,
1210 941 1278 982 vel
1306 938 1364 994 l),
1381 939 1655 994 subaequales
1681 940 1814 982 duras
1834 939 1937 980 reti-

225 999 390 1041 culatus
413 1010 569 1050 opacas
590 997 988 1051 oblongo-lineares
1011 998 1318 1041 obtusissimus
1351 998 1547 1051 margine
1569 1009 1762 1051 superne
1790 997 1937 1039 brevi-

223 1060 295 1099 ter
321 1057 607 1099 denticulatas
628 1057 804 1110 capsula
831 1057 1136 1111 sublongiores
1154 1058 1328 1112 partito,
1359 1057 1509 1100 loculis
1531 1056 1753 1099 sterilibus
1785 1056 1935 1099 filisor—

224 1115 371 1158 mibus
393 1120 455 1166 Ε).
484 1116 539 1157 Ic.
562 1116 683 1157 Krok
702 1119 728 1157 t.
753 1115 786 1169 I,
813 1117 892 1170 lig.-
915 1117 973 1158 ΙΟ.

270 1189 372 1224 Hab.
401 1189 440 1224 in
472 1190 673 1225 montibus
706 1189 850 1225 Persiae
885 1190 1100 1235 orientalis,
1130 1201 1249 1237 prope
1285 1190 1457 1234 Riscbm,
1482 1190 1575 1225 Jezd
1597 1190 1794 1234 (Bulisel),
1810 1199 1932 1236 prope

223 1235 690 1329 ἓῗὲἰζὴᾷιέἓὲἓῗῖἰεοῇᾓὴ
708 1240 745 1272 et
763 1238 802 1272 in
830 1239 912 1273 toto
929 1238 1084 1273 ambitu
1109 1237 1251 1274 deserti
1269 1238 1405 1283 magni
1431 1237 1576 1283 (Egel),
1594 1238 1634 1272 in
1650 1237 1865 1283 Affghania
1883 1236 1934 1271 ad

272 1346 407 1382 Herba
436 1346 730 1393 2-4-pollicaris‚
762 1347 923 1393 capsula
946 1347 966 1382 1
988 1347 1070 1392 ¹l⁴-1
1084 1348 1125 1390 ¹l2
1144 1347 1212 1382 lin.
1240 1347 1374 1393 longa,
1393 1347 1536 1392 calycis
1555 1346 1710 1382 laciniae
1725 1347 1796 1384 1¹-2
1808 1346 1847 1382 -2
1863 1345 1931 1381 lin.

222 1393 354 1438 longae
372 1393 536 1428 dimidia
557 1394 660 1430 linea
674 1393 843 1429 latiores.
872 1394 1011 1429 Affinis
1053 1393 1089 1428 V.
1114 1394 1370 1440 conjunqenti
1385 1396 1422 1429 et
1466 1393 1499 1429 V.
1514 1393 1740 1440 Dufresnz'ae
1757 1392 1826 1429 sed
1843 1402 1933 1439 cap—

222 1441 322 1476 sulae
341 1440 452 1486 gibbi
470 1440 661 1476 basilares
680 1444 717 1476 et
734 1441 851 1476 lrculi
880 1441 1030 1477 steriles
1049 1441 1266 1477 filiformes.

268 1562 290 1579 ¹*
341 1561 360 1579 ¹*
409 1561 429 1579 ¹*
479 1562 636 1608 Calycis
656 1562 805 1599 limbus
822 1563 955 1598 brevis
974 1563 1014 1598 in
1031 1563 1196 1599 lacinias
1221 1563 1288 1599 3-2
1302 1563 1424 1599 valde
1441 1563 1659 1608 inaequales
1675 1563 1844 1610 partitus
1864 1562 1929 1598 vel

757 1609 902 1646 lacinia
918 1611 1034 1646 unica
1050 1610 1208 1646 laterali
1224 1610 1392 1646 obsitus.

282 1717 322 1758 5.
353 1714 415 1764 V,
441 1714 811 1758 corniculata
839 1714 959 1770 [CA.
991 1715 1098 1770 Mey.
1125 1715 1279 1758 Enum.
1304 1729 1345 1770 p.
1367 1714 1441 1768 49)
1466 1716 1761 1769 &aurescens
1807 1715 1929 1757 caule

221 1774 514 1818 crassiusculo
539 1774 703 1827 pumilo
730 1775 971 1817 dichotomo
992 1775 1127 1817 dense
1150 1778 1191 1817 et
1219 1775 1413 1817 breviter
1432 1775 1616 1826 hirsuto,
1637 1774 1750 1816 foliis
1768 1774 1928 1828 majus-

219 1834 330 1877 culis
355 1833 556 1875 ciliatulis
582 1832 863 1875 inferioribus
890 1833 1149 1888 spathulatis
1175 1833 1344 1877 caeteris
1378 1833 1610 1876 sessilibus
1634 1832 1923 1885 pinnatffiffis,

218 1893 365 1936 fructu
390 1892 526 1934 dense
555 1895 598 1934 et
632 1892 825 1934 breviter
861 1893 1030 1934 hirsuto
1068 1896 1252 1946 anguste
1286 1891 1538 1946 cylindrico,
1579 1891 1718 1934 antice
1745 1893 1928 1944 anguste

221 1952 386 1994 sulcato
401 1951 493 1993 basi
522 1964 607 1993 non
635 1951 827 2004 gibboso,
851 1951 1008 2003 calycis
1027 1951 1158 1994 limbo
1188 1951 1409 2006 tripartito
1444 1950 1611 1993 laciniis
1635 1953 1929 2004 erecto-patu-

217 2010 273 2053 lis
301 2011 468 2065 postica
493 2013 535 2052 et
565 2010 806 2052 lateralium
844 2011 980 2052 altera
1016 2010 1551 2063 triangulari-lanceolatis
1585 2009 1739 2056 acutis,
1785 2009 1928 2050 altera

219 2069 352 2124 duplo
378 2069 570 2122 longiore
596 2069 786 2123 capsulae
825 2069 1082 2123 aequilonga,
1105 2069 1259 2112 loculis
1287 2068 1514 2111 sterilibus
1556 2067 1830 2111 filiformibus
1855 2067 1925 2121 (D.

217 2127 273 2171 Ic.
301 2129 422 2171 Krok
446 2131 472 2170 t.
499 2128 550 2170 ΙΙ.
576 2129 601 2170 f.
634 2129 678 2168 11
708 2127 774 2182 'sz-

264 2200 368 2236 Hab.
383 2201 423 2236 in
450 2200 758 2236 Transcaucasia
776 2210 896 2247 prope
911 2200 1024 2236 Baku
1045 2199 1273 2245 (C.A.Mey1
1291 2198 1499 2245 Seidlitzl).

276 2275 307 2330 β
321 2276 353 2317 ἰ).
386 2274 667 2317 denticulata.
718 2301 773 2306 —-
805 2274 978 2317 Lacinia
1020 2273 1277 2317 intermedia
1329 2273 1457 2316 latior
1502 2272 1692 2325 brevior,
1735 2272 1927 2315 lateralis

216 2335 355 2389 magis
379 2338 532 2388 patens
551 2335 670 2388 apice
698 2334 975 2376 denticulata.

260 2407 366 2444 Hab.
386 2408 427 2442 in
445 2407 575 2443 littore
595 2406 777 2443 orientali
795 2406 927 2454 Caspii
943 2406 995 2442 ad
1015 2404 1309 2442 Beschbarmak
1327 2405 1520 2450 (Turczi).

261 2471 418 2518 Species
438 2481 485 2506 ex
505 2470 787 2517 speciminibus
801 2469 1048 2516 juvenilibus
1065 2468 1261 2514 descripta
1283 2467 1352 2503 sed
1378 2467 1625 2512 indumento,
1652 2467 1758 2503 foliis
1778 2468 1926 2513 majus-

215 2518 315 2555 culis
337 2518 579 2564 pinnatifidis
597 2520 634 2553 et
651 2517 766 2553 limbi
785 2516 953 2562 calycini
981 2516 1134 2552 laciniis
1153 2516 1280 2551 acutis
1300 2525 1324 2550 a
1337 2515 1596 2561 sequentibus
1616 2513 1814 2550 distincta.
1834 2515 1927 2551 Var.

217 2565 252 2613 β.
271 2576 321 2602 ex
335 2565 450 2601 unico
476 2566 689 2611 specimine
708 2565 784 2600 sub
802 2564 961 2599 nomine
985 2565 1024 2600 V.
1040 2561 1332 2610 oxyrrhzsnchoe
1349 2562 1472 2597 misso
1491 2562 1590 2597 mihi
1612 2563 1705 2597 nota
1720 2565 1779 2598 est
1791 2562 1926 2598 forsan

215 2613 365 2660 species
383 2613 543 2660 propria
573 2611 612 2647 V.
632 2612 888 2654 corniculatae
905 2612 943 2647 et
955 2610 1135 2647 diodontz’
1148 2602 1394 2646 intermedia.

276 2727 316 2768 6.
348 2725 412 2768 V.
445 2724 872 2780 oxyrrhyncha
902 2722 963 2778 (F.
984 2725 1026 2766 et
1048 2722 1102 2765 Μ.
1128 2721 1221 2764 lnd.
1240 2720 1312 2775 IV,
1335 2721 1516 2775 Petrop.
1545 2732 1587 2774 p.
1614 2720 1689 2775 51)
1711 2719 1926 2774 glabrius·

214 2786 310 2829 cula
346 2785 401 2827 ad
440 2785 585 2828 caules
625 2783 886 2837 scabridula,
912 2782 1184 2825 divaricatim
1220 2780 1463 2823 dichotoma
1506 2779 1779 2834 corymbosa‚
1813 2778 1928 2822 foliis

214 2844 410 2897 oblongis
443 2846 485 2886 et
520 2841 966 2897 oblongo-linearibus
991 2840 1176 2893 integris
1207 2839 1275 2882 vel
1302 2837 1584 2881 intermediis
1616 2837 1709 2880 basi
1736 2836 1926 2880 dentatis

215 2905 291 2946 aut
314 2902 477 2956 incisis,
504 2902 638 2945 ramis
675 2901 912 2944 fructiferis
948 2900 1023 2942 vix
1047 2898 1317 2951 incrassatis,
1342 2897 1560 2940 fructibus
1584 2896 1629 2939 in
1654 2894 1925 2939 dichotomiis

216 2960 424 3004 solitariis
451 2964 493 3004 et
519 2961 823 3004 terminalibus
845 2959 941 3002 laxe
967 2957 1156 3013 cymosis
1182 2959 1364 3010 anguste
1401 2954 1654 3010 cylindricis
1689 2954 1927 3009 puberulo-
