<?xml version="1.0" encoding="UTF-8"?>
<!DOCTYPE html PUBLIC "-//W3C//DTD XHTML 1.0 Transitional//EN"
    "http://www.w3.org/TR/xhtml1/DTD/xhtml1-transitional.dtd">
<html xmlns="http://www.w3.org/1999/xhtml" xml:lang="en" lang="en">
 <head>
  <title>
</title>
<meta http-equiv="Content-Type" content="text/html;charset=utf-8" />
  <meta name='ocr-system' content='tesseract 3.04.00' />
  <meta name='ocr-capabilities' content='ocr_page ocr_carea ocr_par ocr_line ocrx_word'/>
</head>
<body>
  <div class='ocr_page' id='page_1' title='image "./floraorientaliss03bois/floraorientaliss03bois_0721.png"; bbox 0 0 2066 3296; ppageno 0'>
   <div class='ocr_carea' id='block_1_1' title="bbox 94 255 1802 299">
    <p class='ocr_par' dir='ltr' id='par_1_1' title="bbox 94 255 1802 299">
     <span class='ocr_line' id='line_1_1' title="bbox 94 255 1802 299; baseline -0.002 -6"><span class='ocrx_word' id='word_1_1' title='bbox 94 255 330 293; x_wconf 82' lang='lat' dir='ltr'><strong><em>Centaurea.</em></strong></span> <span class='ocrx_word' id='word_1_2' title='bbox 816 265 1065 292; x_wconf 69' lang='lat' dir='ltr'>couposrrAE..</span> <span class='ocrx_word' id='word_1_3' title='bbox 1729 261 1802 299; x_wconf 78' lang='lat'>635</span> 
     </span>
    </p>
   </div>
   <div class='ocr_carea' id='block_1_2' title="bbox 92 334 1800 427">
    <p class='ocr_par' dir='ltr' id='par_1_2' title="bbox 92 334 1800 427">
     <span class='ocr_line' id='line_1_2' title="bbox 92 334 1800 427; baseline 0.004 -56"><span class='ocrx_word' id='word_1_4' title='bbox 92 334 277 427; x_wconf 48' lang='grc' dir='ltr'>ῗῶοέεές)</span> <span class='ocrx_word' id='word_1_5' title='bbox 289 334 428 380; x_wconf 87' lang='lat' dir='ltr'>(Ball).</span> <span class='ocrx_word' id='word_1_6' title='bbox 457 334 572 371; x_wconf 76' lang='lat' dir='ltr'>Caria</span> <span class='ocrx_word' id='word_1_7' title='bbox 602 334 815 388; x_wconf 82' lang='lat' dir='ltr'>(Pinardl)‚</span> <span class='ocrx_word' id='word_1_8' title='bbox 847 335 998 372; x_wconf 87' lang='lat' dir='ltr'>Pontus</span> <span class='ocrx_word' id='word_1_9' title='bbox 1029 336 1196 382; x_wconf 72' lang='lat' dir='ltr'>(Calvi),</span> <span class='ocrx_word' id='word_1_10' title='bbox 1215 337 1361 374; x_wconf 86' lang='lat' dir='ltr'>Tauria</span> <span class='ocrx_word' id='word_1_11' title='bbox 1391 340 1430 376; x_wconf 87' lang='lat' dir='ltr'>et</span> <span class='ocrx_word' id='word_1_12' title='bbox 1448 350 1557 386; x_wconf 88' lang='lat' dir='ltr'>prov.</span> <span class='ocrx_word' id='word_1_13' title='bbox 1579 340 1800 378; x_wconf 81' lang='lat' dir='ltr'>Caucasicae</span> 
     </span>
     <span class='ocr_line' id='line_1_3' title="bbox 193 393 292 418; baseline -0.03 0"><span class='ocrx_word' id='word_1_14' title='bbox 193 393 213 418; x_wconf 86' lang='lat' dir='ltr'>e</span> <span class='ocrx_word' id='word_1_15' title='bbox 251 409 256 415; x_wconf 95' lang='lat'>.</span> <span class='ocrx_word' id='word_1_16' title='bbox 282 407 292 416; x_wconf 88' lang='lat'><strong>.</strong></span> 
     </span>
    </p>
   </div>
   <div class='ocr_carea' id='block_1_3' title="bbox 94 444 1799 539">
    <p class='ocr_par' dir='ltr' id='par_1_3' title="bbox 94 444 1799 539">
     <span class='ocr_line' id='line_1_4' title="bbox 138 444 1799 493; baseline 0.002 -11"><span class='ocrx_word' id='word_1_17' title='bbox 138 446 202 482; x_wconf 78' lang='lat' dir='ltr'>Ar.</span> <span class='ocrx_word' id='word_1_18' title='bbox 224 445 354 491; x_wconf 73' lang='lat' dir='ltr'>Geoqr.</span> <span class='ocrx_word' id='word_1_19' title='bbox 367 444 524 492; x_wconf 85' lang='lat' dir='ltr'>Europa</span> <span class='ocrx_word' id='word_1_20' title='bbox 542 445 671 481; x_wconf 90' lang='lat' dir='ltr'>omnis</span> <span class='ocrx_word' id='word_1_21' title='bbox 690 455 714 481; x_wconf 89' lang='lat' dir='ltr'>a</span> <span class='ocrx_word' id='word_1_22' title='bbox 733 444 1001 481; x_wconf 71' lang='lat' dir='ltr'>scandinavia</span> <span class='ocrx_word' id='word_1_23' title='bbox 1020 445 1070 481; x_wconf 91' lang='lat' dir='ltr'>ad</span> <span class='ocrx_word' id='word_1_24' title='bbox 1082 446 1268 483; x_wconf 86' lang='lat' dir='ltr'>Rossiam</span> <span class='ocrx_word' id='word_1_25' title='bbox 1286 447 1551 493; x_wconf 87' lang='lat' dir='ltr'>mediam,sed</span> <span class='ocrx_word' id='word_1_26' title='bbox 1569 450 1702 485; x_wconf 86' lang='lat' dir='ltr'>forsan</span> <span class='ocrx_word' id='word_1_27' title='bbox 1716 452 1799 486; x_wconf 87' lang='lat' dir='ltr'>tan-</span> 
     </span>
     <span class='ocr_line' id='line_1_5' title="bbox 94 491 898 539; baseline 0 -11"><span class='ocrx_word' id='word_1_28' title='bbox 94 494 179 528; x_wconf 82' lang='lat' dir='ltr'>tum</span> <span class='ocrx_word' id='word_1_29' title='bbox 197 493 238 528; x_wconf 88' lang='lat' dir='ltr'>in</span> <span class='ocrx_word' id='word_1_30' title='bbox 252 492 369 528; x_wconf 80' lang='lat' dir='ltr'>Italia</span> <span class='ocrx_word' id='word_1_31' title='bbox 384 491 553 528; x_wconf 85' lang='lat' dir='ltr'>australi</span> <span class='ocrx_word' id='word_1_32' title='bbox 562 502 653 528; x_wconf 86' lang='lat' dir='ltr'>vere</span> <span class='ocrx_word' id='word_1_33' title='bbox 668 495 898 539; x_wconf 86' lang='lat' dir='ltr'>spontanea.</span> 
     </span>
    </p>
   </div>
   <div class='ocr_carea' id='block_1_4' title="bbox 87 624 1802 1466">
    <p class='ocr_par' dir='ltr' id='par_1_4' title="bbox 90 624 1799 1153">
     <span class='ocr_line' id='line_1_6' title="bbox 153 624 1799 683; baseline 0 -13"><span class='ocrx_word' id='word_1_34' title='bbox 153 629 222 670; x_wconf 78' lang='lat'>39.</span> <span class='ocrx_word' id='word_1_35' title='bbox 257 628 311 672; x_wconf 47' lang='lat' dir='ltr'>C&gt;</span> <span class='ocrx_word' id='word_1_36' title='bbox 349 625 640 683; x_wconf 81' lang='lat' dir='ltr'>depressa</span> <span class='ocrx_word' id='word_1_37' title='bbox 672 626 799 681; x_wconf 79' lang='grc' dir='ltr'><strong>(ΜΒ.</strong></span> <span class='ocrx_word' id='word_1_38' title='bbox 829 627 960 669; x_wconf 85' lang='lat' dir='ltr'>Taur.</span> <span class='ocrx_word' id='word_1_39' title='bbox 990 624 1116 669; x_wconf 88' lang='lat' dir='ltr'>Cauc.</span> <span class='ocrx_word' id='word_1_40' title='bbox 1146 625 1199 677; x_wconf 83' lang='lat'>11,</span> <span class='ocrx_word' id='word_1_41' title='bbox 1223 638 1264 680; x_wconf 90' lang='lat' dir='ltr'>p.</span> <span class='ocrx_word' id='word_1_42' title='bbox 1294 626 1398 682; x_wconf 72' lang='lat'>346)</span> <span class='ocrx_word' id='word_1_43' title='bbox 1420 639 1566 670; x_wconf 86' lang='lat' dir='ltr'>annua</span> <span class='ocrx_word' id='word_1_44' title='bbox 1592 628 1799 682; x_wconf 88' lang='lat' dir='ltr'>adpresse</span> 
     </span>
     <span class='ocr_line' id='line_1_7' title="bbox 91 684 1797 739; baseline -0.001 -8"><span class='ocrx_word' id='word_1_45' title='bbox 91 687 637 731; x_wconf 87' lang='lat' dir='ltr'>arachnoideo-canescens</span> <span class='ocrx_word' id='word_1_46' title='bbox 662 698 684 728; x_wconf 89' lang='lat' dir='ltr'>a</span> <span class='ocrx_word' id='word_1_47' title='bbox 709 685 816 728; x_wconf 89' lang='lat' dir='ltr'>collo</span> <span class='ocrx_word' id='word_1_48' title='bbox 855 685 1042 739; x_wconf 83' lang='lat' dir='ltr'><strong>simplex</strong></span> <span class='ocrx_word' id='word_1_49' title='bbox 1075 684 1146 728; x_wconf 87' lang='lat' dir='ltr'>vel</span> <span class='ocrx_word' id='word_1_50' title='bbox 1180 697 1367 737; x_wconf 87' lang='lat' dir='ltr'>ramosa,</span> <span class='ocrx_word' id='word_1_51' title='bbox 1404 686 1602 729; x_wconf 86' lang='lat' dir='ltr'>caulibus</span> <span class='ocrx_word' id='word_1_52' title='bbox 1639 687 1797 730; x_wconf 87' lang='lat' dir='ltr'>erectis</span> 
     </span>
     <span class='ocr_line' id='line_1_8' title="bbox 92 743 1796 800; baseline -0.001 -11"><span class='ocrx_word' id='word_1_53' title='bbox 92 745 366 800; x_wconf 80' lang='lat' dir='ltr'>simplicibus</span> <span class='ocrx_word' id='word_1_54' title='bbox 394 746 464 789; x_wconf 88' lang='lat' dir='ltr'>vel</span> <span class='ocrx_word' id='word_1_55' title='bbox 489 745 638 788; x_wconf 84' lang='lat' dir='ltr'>stricte</span> <span class='ocrx_word' id='word_1_56' title='bbox 672 747 716 787; x_wconf 87' lang='lat' dir='ltr'>et</span> <span class='ocrx_word' id='word_1_57' title='bbox 737 755 868 799; x_wconf 86' lang='lat' dir='ltr'>parce</span> <span class='ocrx_word' id='word_1_58' title='bbox 895 743 1094 796; x_wconf 87' lang='lat' dir='ltr'>ramosis,</span> <span class='ocrx_word' id='word_1_59' title='bbox 1126 743 1239 787; x_wconf 84' lang='lat' dir='ltr'>foliis</span> <span class='ocrx_word' id='word_1_60' title='bbox 1272 744 1554 788; x_wconf 80' lang='lat' dir='ltr'>interioribus</span> <span class='ocrx_word' id='word_1_61' title='bbox 1580 745 1796 799; x_wconf 85' lang='lat' dir='ltr'>petiolatis</span> 
     </span>
     <span class='ocr_line' id='line_1_9' title="bbox 91 802 1798 859; baseline -0.002 -11"><span class='ocrx_word' id='word_1_62' title='bbox 91 805 289 858; x_wconf 81' lang='lat' dir='ltr'>oblongis</span> <span class='ocrx_word' id='word_1_63' title='bbox 314 805 497 859; x_wconf 79' lang='lat' dir='ltr'>integris</span> <span class='ocrx_word' id='word_1_64' title='bbox 521 804 589 847; x_wconf 91' lang='lat' dir='ltr'>vel</span> <span class='ocrx_word' id='word_1_65' title='bbox 612 803 1062 859; x_wconf 35' lang='lat' dir='ltr'>pinnatifido-lyratjs,</span> <span class='ocrx_word' id='word_1_66' title='bbox 1077 802 1384 857; x_wconf 89' lang='lat' dir='ltr'>superioribus</span> <span class='ocrx_word' id='word_1_67' title='bbox 1410 804 1798 847; x_wconf 88' lang='lat' dir='ltr'>lineari—lanceola-</span> 
     </span>
     <span class='ocr_line' id='line_1_10' title="bbox 90 862 1799 917; baseline -0.001 -10"><span class='ocrx_word' id='word_1_68' title='bbox 90 865 148 907; x_wconf 84' lang='lat' dir='ltr'>tis</span> <span class='ocrx_word' id='word_1_69' title='bbox 183 864 467 915; x_wconf 86' lang='lat' dir='ltr'>mucronatis,</span> <span class='ocrx_word' id='word_1_70' title='bbox 502 863 708 917; x_wconf 86' lang='lat' dir='ltr'>capitulis</span> <span class='ocrx_word' id='word_1_71' title='bbox 737 863 991 917; x_wconf 79' lang='lat' dir='ltr'>maJusculis</span> <span class='ocrx_word' id='word_1_72' title='bbox 1026 863 1181 912; x_wconf 88' lang='lat' dir='ltr'>ovatis‚</span> <span class='ocrx_word' id='word_1_73' title='bbox 1206 862 1424 905; x_wconf 84' lang='lat' dir='ltr'>involucri</span> <span class='ocrx_word' id='word_1_74' title='bbox 1459 863 1598 916; x_wconf 79' lang='lat' dir='ltr'>glabri</span> <span class='ocrx_word' id='word_1_75' title='bbox 1638 864 1799 917; x_wconf 84' lang='lat' dir='ltr'>phyllis</span> 
     </span>
     <span class='ocr_line' id='line_1_11' title="bbox 90 921 1798 976; baseline -0.001 -11"><span class='ocrx_word' id='word_1_76' title='bbox 90 922 289 976; x_wconf 82' lang='lat' dir='ltr'>margine</span> <span class='ocrx_word' id='word_1_77' title='bbox 311 924 503 966; x_wconf 91' lang='lat' dir='ltr'>scarioso</span> <span class='ocrx_word' id='word_1_78' title='bbox 526 922 622 965; x_wconf 87' lang='lat' dir='ltr'>albo</span> <span class='ocrx_word' id='word_1_79' title='bbox 643 922 711 965; x_wconf 90' lang='lat' dir='ltr'>vel</span> <span class='ocrx_word' id='word_1_80' title='bbox 736 922 999 965; x_wconf 79' lang='lat' dir='ltr'>fuscescenti</span> <span class='ocrx_word' id='word_1_81' title='bbox 1022 921 1275 964; x_wconf 87' lang='lat' dir='ltr'>decurrenti</span> <span class='ocrx_word' id='word_1_82' title='bbox 1298 921 1341 963; x_wconf 75' lang='lat' dir='ltr'>in</span> <span class='ocrx_word' id='word_1_83' title='bbox 1361 921 1513 965; x_wconf 89' lang='lat' dir='ltr'>dentes</span> <span class='ocrx_word' id='word_1_84' title='bbox 1537 923 1798 965; x_wconf 87' lang='lat' dir='ltr'>lanceolatos</span> 
     </span>
     <span class='ocr_line' id='line_1_12' title="bbox 90 979 1798 1036; baseline 0 -13"><span class='ocrx_word' id='word_1_85' title='bbox 90 981 212 1024; x_wconf 89' lang='lat' dir='ltr'>albos</span> <span class='ocrx_word' id='word_1_86' title='bbox 239 982 469 1025; x_wconf 87' lang='lat' dir='ltr'>latitudine</span> <span class='ocrx_word' id='word_1_87' title='bbox 495 981 630 1036; x_wconf 87' lang='lat' dir='ltr'>phylli</span> <span class='ocrx_word' id='word_1_88' title='bbox 653 980 968 1024; x_wconf 89' lang='lat' dir='ltr'>subbreviores</span> <span class='ocrx_word' id='word_1_89' title='bbox 996 980 1156 1035; x_wconf 86' lang='lat' dir='ltr'>partito</span> <span class='ocrx_word' id='word_1_90' title='bbox 1183 979 1350 1032; x_wconf 79' lang='lat' dir='ltr'>obsit1s,</span> <span class='ocrx_word' id='word_1_91' title='bbox 1375 980 1567 1024; x_wconf 86' lang='lat' dir='ltr'>flosculis</span> <span class='ocrx_word' id='word_1_92' title='bbox 1593 981 1798 1023; x_wconf 85' lang='lat' dir='ltr'>caeruleo-</span> 
     </span>
     <span class='ocr_line' id='line_1_13' title="bbox 90 1038 1798 1095; baseline 0 -14"><span class='ocrx_word' id='word_1_93' title='bbox 90 1040 298 1083; x_wconf 85' lang='lat' dir='ltr'>violaceis</span> <span class='ocrx_word' id='word_1_94' title='bbox 316 1041 605 1092; x_wconf 83' lang='lat' dir='ltr'>radiantibus,</span> <span class='ocrx_word' id='word_1_95' title='bbox 630 1040 763 1095; x_wconf 87' lang='lat' dir='ltr'>pappi</span> <span class='ocrx_word' id='word_1_96' title='bbox 790 1040 905 1082; x_wconf 87' lang='lat' dir='ltr'>serie</span> <span class='ocrx_word' id='word_1_97' title='bbox 932 1038 1194 1082; x_wconf 77' lang='lat' dir='ltr'>intermedia</span> <span class='ocrx_word' id='word_1_98' title='bbox 1218 1039 1397 1082; x_wconf 89' lang='lat' dir='ltr'>achenio</span> <span class='ocrx_word' id='word_1_99' title='bbox 1423 1039 1560 1082; x_wconf 89' lang='lat' dir='ltr'>nitido</span> <span class='ocrx_word' id='word_1_100' title='bbox 1584 1039 1798 1094; x_wconf 82' lang='lat' dir='ltr'>puberulo</span> 
     </span>
     <span class='ocr_line' id='line_1_14' title="bbox 90 1095 1798 1153; baseline -0.002 -12"><span class='ocrx_word' id='word_1_101' title='bbox 90 1100 301 1153; x_wconf 84' lang='lat' dir='ltr'>longiore,</span> <span class='ocrx_word' id='word_1_102' title='bbox 336 1100 509 1143; x_wconf 75' lang='lat' dir='ltr'>interna</span> <span class='ocrx_word' id='word_1_103' title='bbox 544 1100 682 1142; x_wconf 88' lang='lat' dir='ltr'>multo</span> <span class='ocrx_word' id='word_1_104' title='bbox 712 1099 914 1141; x_wconf 88' lang='lat' dir='ltr'>breviore</span> <span class='ocrx_word' id='word_1_105' title='bbox 946 1103 1011 1149; x_wconf 74' lang='grc' dir='ltr'>Θ.</span> <span class='ocrx_word' id='word_1_106' title='bbox 1055 1095 1100 1140; x_wconf 92' lang='lat' dir='ltr'>C.</span> <span class='ocrx_word' id='word_1_107' title='bbox 1128 1097 1361 1140; x_wconf 71' lang='lat' dir='ltr'>Anatolica</span> <span class='ocrx_word' id='word_1_108' title='bbox 1399 1096 1567 1142; x_wconf 74' lang='lat' dir='ltr'>Griseb</span> <span class='ocrx_word' id='word_1_109' title='bbox 1604 1098 1715 1153; x_wconf 87' lang='lat' dir='ltr'>Spic.</span> <span class='ocrx_word' id='word_1_110' title='bbox 1744 1097 1798 1151; x_wconf 85' lang='grc' dir='ltr'>ΙΙ,</span> 
     </span>
    </p>

    <p class='ocr_par' dir='ltr' id='par_1_5' title="bbox 87 1230 1802 1466">
     <span class='ocr_line' id='line_1_15' title="bbox 139 1230 1800 1277; baseline -0.001 -10"><span class='ocrx_word' id='word_1_111' title='bbox 139 1231 240 1267; x_wconf 81' lang='lat' dir='ltr'>Hah.</span> <span class='ocrx_word' id='word_1_112' title='bbox 259 1231 361 1267; x_wconf 83' lang='lat' dir='ltr'>inter</span> <span class='ocrx_word' id='word_1_113' title='bbox 379 1234 528 1277; x_wconf 82' lang='lat' dir='ltr'>segetes</span> <span class='ocrx_word' id='word_1_114' title='bbox 554 1234 591 1268; x_wconf 88' lang='lat' dir='ltr'>et</span> <span class='ocrx_word' id='word_1_115' title='bbox 613 1231 653 1267; x_wconf 90' lang='lat' dir='ltr'>in</span> <span class='ocrx_word' id='word_1_116' title='bbox 681 1231 798 1267; x_wconf 88' lang='lat' dir='ltr'>cultis</span> <span class='ocrx_word' id='word_1_117' title='bbox 824 1231 1024 1277; x_wconf 84' lang='lat' dir='ltr'>Bithyniae</span> <span class='ocrx_word' id='word_1_118' title='bbox 1048 1231 1242 1275; x_wconf 65' lang='lat' dir='ltr'>(Thu-ke),</span> <span class='ocrx_word' id='word_1_119' title='bbox 1271 1230 1397 1266; x_wconf 84' lang='lat' dir='ltr'>Cariae</span> <span class='ocrx_word' id='word_1_120' title='bbox 1428 1230 1641 1275; x_wconf 80' lang='lat' dir='ltr'>(Pinardl),</span> <span class='ocrx_word' id='word_1_121' title='bbox 1669 1230 1800 1276; x_wconf 77' lang='lat' dir='ltr'>Lyciae</span> 
     </span>
     <span class='ocr_line' id='line_1_16' title="bbox 89 1277 1798 1326; baseline -0.001 -11"><span class='ocrx_word' id='word_1_122' title='bbox 89 1278 255 1324; x_wconf 82' lang='lat' dir='ltr'>(Bourg.</span> <span class='ocrx_word' id='word_1_123' title='bbox 280 1278 392 1323; x_wconf 76' lang='lat'>1531),</span> <span class='ocrx_word' id='word_1_124' title='bbox 410 1278 661 1326; x_wconf 77' lang='lat' dir='ltr'>Pamphyliae</span> <span class='ocrx_word' id='word_1_125' title='bbox 688 1278 876 1324; x_wconf 81' lang='lat' dir='ltr'>(Heldrl),</span> <span class='ocrx_word' id='word_1_126' title='bbox 901 1278 1164 1326; x_wconf 76' lang='lat' dir='ltr'>Cappadociae</span> <span class='ocrx_word' id='word_1_127' title='bbox 1190 1278 1312 1323; x_wconf 80' lang='lat' dir='ltr'>(Ball,</span> <span class='ocrx_word' id='word_1_128' title='bbox 1338 1278 1531 1321; x_wconf 88' lang='lat' dir='ltr'>Hausskl,</span> <span class='ocrx_word' id='word_1_129' title='bbox 1557 1278 1631 1324; x_wconf 88' lang='lat' dir='ltr'>Ky.</span> <span class='ocrx_word' id='word_1_130' title='bbox 1659 1277 1798 1324; x_wconf 88' lang='lat' dir='ltr'>Suppl-</span> 
     </span>
     <span class='ocr_line' id='line_1_17' title="bbox 87 1325 1802 1373; baseline -0.001 -12"><span class='ocrx_word' id='word_1_131' title='bbox 87 1325 160 1362; x_wconf 83' lang='lat'>277</span> <span class='ocrx_word' id='word_1_132' title='bbox 172 1328 209 1372; x_wconf 86' lang='lat' dir='ltr'>l),</span> <span class='ocrx_word' id='word_1_133' title='bbox 228 1327 269 1361; x_wconf 89' lang='lat' dir='ltr'>in</span> <span class='ocrx_word' id='word_1_134' title='bbox 283 1325 507 1373; x_wconf 85' lang='lat' dir='ltr'>subalpinis</span> <span class='ocrx_word' id='word_1_135' title='bbox 529 1325 579 1361; x_wconf 89' lang='lat' dir='ltr'>ad</span> <span class='ocrx_word' id='word_1_136' title='bbox 597 1325 727 1362; x_wconf 85' lang='lat' dir='ltr'>Siwas</span> <span class='ocrx_word' id='word_1_137' title='bbox 745 1326 893 1372; x_wconf 74' lang='lat' dir='ltr'>(Noel)‚</span> <span class='ocrx_word' id='word_1_138' title='bbox 912 1327 1112 1362; x_wconf 75' lang='lat' dir='ltr'>Armeniae</span> <span class='ocrx_word' id='word_1_139' title='bbox 1129 1326 1303 1361; x_wconf 86' lang='lat' dir='ltr'>Turcicae</span> <span class='ocrx_word' id='word_1_140' title='bbox 1322 1325 1372 1360; x_wconf 88' lang='lat' dir='ltr'>ad</span> <span class='ocrx_word' id='word_1_141' title='bbox 1391 1326 1577 1361; x_wconf 88' lang='lat' dir='ltr'>Erzerum</span> <span class='ocrx_word' id='word_1_142' title='bbox 1595 1325 1750 1369; x_wconf 87' lang='lat' dir='ltr'>(Huetl)</span> <span class='ocrx_word' id='word_1_143' title='bbox 1764 1327 1802 1360; x_wconf 85' lang='lat' dir='ltr'>et</span> 
     </span>
     <span class='ocr_line' id='line_1_18' title="bbox 89 1371 1800 1426; baseline -0.002 -17"><span class='ocrx_word' id='word_1_144' title='bbox 89 1372 240 1409; x_wconf 88' lang='lat' dir='ltr'>Baibut</span> <span class='ocrx_word' id='word_1_145' title='bbox 258 1373 456 1419; x_wconf 73' lang='lat' dir='ltr'>(Bourgl),</span> <span class='ocrx_word' id='word_1_146' title='bbox 474 1374 671 1409; x_wconf 75' lang='lat' dir='ltr'>Armeniae.</span> <span class='ocrx_word' id='word_1_147' title='bbox 700 1373 872 1409; x_wconf 83' lang='lat' dir='ltr'>Rossicae</span> <span class='ocrx_word' id='word_1_148' title='bbox 897 1373 1092 1418; x_wconf 86' lang='lat' dir='ltr'>[Buhsel),</span> <span class='ocrx_word' id='word_1_149' title='bbox 1116 1372 1255 1408; x_wconf 86' lang='lat' dir='ltr'>Iberiae</span> <span class='ocrx_word' id='word_1_150' title='bbox 1279 1375 1317 1408; x_wconf 88' lang='lat' dir='ltr'>et</span> <span class='ocrx_word' id='word_1_151' title='bbox 1342 1383 1454 1426; x_wconf 86' lang='lat' dir='ltr'>prov.</span> <span class='ocrx_word' id='word_1_152' title='bbox 1474 1372 1646 1418; x_wconf 83' lang='lat' dir='ltr'>Talysch</span> <span class='ocrx_word' id='word_1_153' title='bbox 1673 1371 1800 1416; x_wconf 75' lang='lat' dir='ltr'>(MR,</span> 
     </span>
     <span class='ocr_line' id='line_1_19' title="bbox 89 1418 1797 1466; baseline -0.001 -11"><span class='ocrx_word' id='word_1_154' title='bbox 89 1418 210 1465; x_wconf 90' lang='lat' dir='ltr'>Hohl,</span> <span class='ocrx_word' id='word_1_155' title='bbox 226 1420 314 1456; x_wconf 78' lang='lat' dir='ltr'>CA.</span> <span class='ocrx_word' id='word_1_156' title='bbox 332 1419 470 1466; x_wconf 89' lang='lat' dir='ltr'>Meyl),</span> <span class='ocrx_word' id='word_1_157' title='bbox 484 1420 629 1456; x_wconf 80' lang='lat' dir='ltr'>Persiae</span> <span class='ocrx_word' id='word_1_158' title='bbox 644 1420 727 1456; x_wconf 88' lang='lat' dir='ltr'>bor.</span> <span class='ocrx_word' id='word_1_159' title='bbox 743 1420 793 1456; x_wconf 88' lang='lat' dir='ltr'>ad</span> <span class='ocrx_word' id='word_1_160' title='bbox 807 1419 1014 1456; x_wconf 89' lang='lat' dir='ltr'>Schahrud</span> <span class='ocrx_word' id='word_1_161' title='bbox 1027 1420 1126 1465; x_wconf 84' lang='lat' dir='ltr'>(Bge</span> <span class='ocrx_word' id='word_1_162' title='bbox 1137 1421 1174 1464; x_wconf 88' lang='lat' dir='ltr'>l),</span> <span class='ocrx_word' id='word_1_163' title='bbox 1190 1419 1373 1455; x_wconf 85' lang='lat' dir='ltr'>austrahs</span> <span class='ocrx_word' id='word_1_164' title='bbox 1390 1419 1440 1455; x_wconf 89' lang='lat' dir='ltr'>ad</span> <span class='ocrx_word' id='word_1_165' title='bbox 1451 1419 1645 1454; x_wconf 83' lang='lat' dir='ltr'>Perezend</span> <span class='ocrx_word' id='word_1_166' title='bbox 1657 1418 1797 1463; x_wconf 83' lang='lat' dir='ltr'>(Auch.</span> 
     </span>
    </p>
   </div>
   <div class='ocr_carea' id='block_1_5' title="bbox 88 1465 1799 1560">
    <p class='ocr_par' dir='ltr' id='par_1_6' title="bbox 88 1465 1799 1560">
     <span class='ocr_line' id='line_1_20' title="bbox 89 1465 1799 1514; baseline -0.002 -11"><span class='ocrx_word' id='word_1_167' title='bbox 89 1467 238 1512; x_wconf 72' lang='lat'>48422),</span> <span class='ocrx_word' id='word_1_168' title='bbox 267 1468 319 1503; x_wconf 88' lang='lat' dir='ltr'>ad</span> <span class='ocrx_word' id='word_1_169' title='bbox 347 1467 504 1504; x_wconf 83' lang='lat' dir='ltr'>Schiras</span> <span class='ocrx_word' id='word_1_170' title='bbox 534 1467 628 1514; x_wconf 67' lang='grc' dir='ltr'>(ΚΥ.</span> <span class='ocrx_word' id='word_1_171' title='bbox 659 1467 782 1514; x_wconf 66' lang='lat'>3020,</span> <span class='ocrx_word' id='word_1_172' title='bbox 813 1469 854 1504; x_wconf 93' lang='lat' dir='ltr'>in</span> <span class='ocrx_word' id='word_1_173' title='bbox 886 1467 1032 1503; x_wconf 86' lang='lat' dir='ltr'>ditione</span> <span class='ocrx_word' id='word_1_174' title='bbox 1064 1467 1284 1503; x_wconf 88' lang='lat' dir='ltr'>Bachtiaris</span> <span class='ocrx_word' id='word_1_175' title='bbox 1319 1466 1544 1511; x_wconf 83' lang='lat' dir='ltr'>(Hausskl)‚</span> <span class='ocrx_word' id='word_1_176' title='bbox 1575 1465 1799 1511; x_wconf 79' lang='lat' dir='ltr'>Affgbaniae</span> 
     </span>
     <span class='ocr_line' id='line_1_21' title="bbox 88 1514 741 1560; baseline -0.002 -10"><span class='ocrx_word' id='word_1_177' title='bbox 88 1514 256 1560; x_wconf 86' lang='lat' dir='ltr'>(Griffl)‚</span> <span class='ocrx_word' id='word_1_178' title='bbox 276 1514 512 1551; x_wconf 83' lang='lat' dir='ltr'>Belutschiae</span> <span class='ocrx_word' id='word_1_179' title='bbox 531 1514 689 1560; x_wconf 84' lang='lat' dir='ltr'>(Stoeks</span> <span class='ocrx_word' id='word_1_180' title='bbox 702 1517 741 1560; x_wconf 89' lang='lat'>!).</span> 
     </span>
    </p>
   </div>
   <div class='ocr_carea' id='block_1_6' title="bbox 136 1584 1747 1635">
    <p class='ocr_par' dir='ltr' id='par_1_7' title="bbox 136 1584 1747 1635">
     <span class='ocr_line' id='line_1_22' title="bbox 136 1584 1747 1635; baseline -0.002 -13"><span class='ocrx_word' id='word_1_181' title='bbox 136 1586 321 1634; x_wconf 85' lang='lat' dir='ltr'>Capitula</span> <span class='ocrx_word' id='word_1_182' title='bbox 339 1587 396 1624; x_wconf 87' lang='lat' dir='ltr'>eis</span> <span class='ocrx_word' id='word_1_183' title='bbox 415 1585 453 1624; x_wconf 90' lang='lat' dir='ltr'>C.</span> <span class='ocrx_word' id='word_1_184' title='bbox 474 1586 604 1635; x_wconf 80' lang='lat' dir='ltr'>Gyani</span> <span class='ocrx_word' id='word_1_185' title='bbox 618 1588 783 1634; x_wconf 84' lang='lat' dir='ltr'>majora,</span> <span class='ocrx_word' id='word_1_186' title='bbox 800 1586 896 1623; x_wconf 86' lang='lat' dir='ltr'>folia</span> <span class='ocrx_word' id='word_1_187' title='bbox 913 1586 1071 1623; x_wconf 88' lang='lat' dir='ltr'>caulina</span> <span class='ocrx_word' id='word_1_188' title='bbox 1088 1585 1243 1629; x_wconf 80' lang='lat' dir='ltr'>latiora,</span> <span class='ocrx_word' id='word_1_189' title='bbox 1266 1595 1418 1633; x_wconf 84' lang='lat' dir='ltr'>pappus</span> <span class='ocrx_word' id='word_1_190' title='bbox 1437 1584 1747 1620; x_wconf 86' lang='lat' dir='ltr'>diversissimus.</span> 
     </span>
    </p>
   </div>
   <div class='ocr_carea' id='block_1_7' title="bbox 89 1712 1802 2298">
    <p class='ocr_par' dir='ltr' id='par_1_8' title="bbox 89 1712 1802 2298">
     <span class='ocr_line' id='line_1_23' title="bbox 151 1712 1798 1773; baseline -0.001 -16"><span class='ocrx_word' id='word_1_191' title='bbox 151 1716 206 1757; x_wconf 82' lang='lat'>40</span> <span class='ocrx_word' id='word_1_192' title='bbox 261 1715 313 1760; x_wconf 88' lang='lat' dir='ltr'>C.</span> <span class='ocrx_word' id='word_1_193' title='bbox 341 1715 664 1772; x_wconf 79' lang='lat' dir='ltr'>cyanoides</span> <span class='ocrx_word' id='word_1_194' title='bbox 696 1716 898 1773; x_wconf 83' lang='lat' dir='ltr'>(Berggr.</span> <span class='ocrx_word' id='word_1_195' title='bbox 926 1720 970 1760; x_wconf 88' lang='lat' dir='ltr'>et</span> <span class='ocrx_word' id='word_1_196' title='bbox 1006 1716 1234 1759; x_wconf 89' lang='lat' dir='ltr'>Wahlenb.</span> <span class='ocrx_word' id='word_1_197' title='bbox 1272 1715 1354 1758; x_wconf 82' lang='lat' dir='ltr'>Isis</span> <span class='ocrx_word' id='word_1_198' title='bbox 1392 1715 1501 1757; x_wconf 71' lang='lat'>1828</span> <span class='ocrx_word' id='word_1_199' title='bbox 1533 1712 1582 1757; x_wconf 89' lang='lat' dir='ltr'>V.</span> <span class='ocrx_word' id='word_1_200' title='bbox 1621 1714 1670 1755; x_wconf 72' lang='lat'>21</span> <span class='ocrx_word' id='word_1_201' title='bbox 1711 1725 1798 1756; x_wconf 90' lang='lat' dir='ltr'>non</span> 
     </span>
     <span class='ocr_line' id='line_1_24' title="bbox 89 1772 1799 1832; baseline -0.003 -13"><span class='ocrx_word' id='word_1_202' title='bbox 89 1787 172 1819; x_wconf 71' lang='lat' dir='ltr'>uc.</span> <span class='ocrx_word' id='word_1_203' title='bbox 196 1774 378 1831; x_wconf 86' lang='lat' dir='ltr'>Prodr.)</span> <span class='ocrx_word' id='word_1_204' title='bbox 411 1788 556 1818; x_wconf 88' lang='lat' dir='ltr'>annua</span> <span class='ocrx_word' id='word_1_205' title='bbox 589 1776 800 1832; x_wconf 87' lang='lat' dir='ltr'>adpresse</span> <span class='ocrx_word' id='word_1_206' title='bbox 835 1786 1318 1828; x_wconf 86' lang='lat' dir='ltr'>araneoso-canescens,</span> <span class='ocrx_word' id='word_1_207' title='bbox 1345 1773 1541 1817; x_wconf 82' lang='lat' dir='ltr'>caulibus</span> <span class='ocrx_word' id='word_1_208' title='bbox 1572 1772 1729 1815; x_wconf 84' lang='lat' dir='ltr'>erectis</span> <span class='ocrx_word' id='word_1_209' title='bbox 1757 1775 1799 1814; x_wconf 87' lang='lat' dir='ltr'>et</span> 
     </span>
     <span class='ocr_line' id='line_1_25' title="bbox 89 1831 1799 1889; baseline -0.002 -12"><span class='ocrx_word' id='word_1_210' title='bbox 89 1834 429 1878; x_wconf 80' lang='lat' dir='ltr'>ascendentibus</span> <span class='ocrx_word' id='word_1_211' title='bbox 453 1846 581 1889; x_wconf 87' lang='lat' dir='ltr'>parce</span> <span class='ocrx_word' id='word_1_212' title='bbox 601 1835 786 1879; x_wconf 90' lang='lat' dir='ltr'>ramosis</span> <span class='ocrx_word' id='word_1_213' title='bbox 812 1834 1136 1886; x_wconf 87' lang='lat' dir='ltr'>crassiusculis,</span> <span class='ocrx_word' id='word_1_214' title='bbox 1158 1834 1270 1877; x_wconf 86' lang='lat' dir='ltr'>foliis</span> <span class='ocrx_word' id='word_1_215' title='bbox 1296 1831 1559 1876; x_wconf 86' lang='lat' dir='ltr'>radicalibus</span> <span class='ocrx_word' id='word_1_216' title='bbox 1583 1831 1799 1886; x_wconf 87' lang='lat' dir='ltr'>petiolatis</span> 
     </span>
     <span class='ocr_line' id='line_1_26' title="bbox 90 1890 1797 1948; baseline -0.002 -13"><span class='ocrx_word' id='word_1_217' title='bbox 90 1893 231 1936; x_wconf 86' lang='lat' dir='ltr'>ovatis</span> <span class='ocrx_word' id='word_1_218' title='bbox 255 1893 457 1937; x_wconf 88' lang='lat' dir='ltr'>indivisis</span> <span class='ocrx_word' id='word_1_219' title='bbox 484 1894 553 1937; x_wconf 88' lang='lat' dir='ltr'>vel</span> <span class='ocrx_word' id='word_1_220' title='bbox 580 1895 734 1948; x_wconf 88' lang='lat' dir='ltr'>lyratis</span> <span class='ocrx_word' id='word_1_221' title='bbox 758 1894 924 1937; x_wconf 88' lang='lat' dir='ltr'>laciniis</span> <span class='ocrx_word' id='word_1_222' title='bbox 950 1893 1203 1937; x_wconf 82' lang='lat' dir='ltr'>lateralibus</span> <span class='ocrx_word' id='word_1_223' title='bbox 1228 1892 1421 1935; x_wconf 83' lang='lat' dir='ltr'>minimis</span> <span class='ocrx_word' id='word_1_224' title='bbox 1446 1890 1797 1939; x_wconf 85' lang='lat' dir='ltr'>dentiformibus,</span> 
     </span>
     <span class='ocr_line' id='line_1_27' title="bbox 93 1949 1800 2008; baseline -0.002 -14"><span class='ocrx_word' id='word_1_225' title='bbox 93 1952 280 1995; x_wconf 82' lang='lat' dir='ltr'>caulinis</span> <span class='ocrx_word' id='word_1_226' title='bbox 302 1952 505 2008; x_wconf 86' lang='lat' dir='ltr'>ellipticis</span> <span class='ocrx_word' id='word_1_227' title='bbox 532 1956 576 1995; x_wconf 90' lang='lat' dir='ltr'>et</span> <span class='ocrx_word' id='word_1_228' title='bbox 602 1953 852 1996; x_wconf 86' lang='lat' dir='ltr'>lanceolatis</span> <span class='ocrx_word' id='word_1_229' title='bbox 875 1953 1045 1996; x_wconf 86' lang='lat' dir='ltr'>obtusis</span> <span class='ocrx_word' id='word_1_230' title='bbox 1072 1953 1143 1995; x_wconf 89' lang='lat' dir='ltr'>vel</span> <span class='ocrx_word' id='word_1_231' title='bbox 1172 1950 1455 1995; x_wconf 86' lang='lat' dir='ltr'>acutiusculis</span> <span class='ocrx_word' id='word_1_232' title='bbox 1479 1950 1572 1993; x_wconf 88' lang='lat' dir='ltr'>basi</span> <span class='ocrx_word' id='word_1_233' title='bbox 1597 1949 1800 1993; x_wconf 84' lang='lat' dir='ltr'>subauri-</span> 
     </span>
     <span class='ocr_line' id='line_1_28' title="bbox 91 2008 1801 2066; baseline -0.001 -13"><span class='ocrx_word' id='word_1_234' title='bbox 91 2011 245 2054; x_wconf 86' lang='lat' dir='ltr'>culatis</span> <span class='ocrx_word' id='word_1_235' title='bbox 273 2011 346 2053; x_wconf 85' lang='lat' dir='ltr'>vix</span> <span class='ocrx_word' id='word_1_236' title='bbox 372 2011 726 2065; x_wconf 88' lang='lat' dir='ltr'>decurrentibus,</span> <span class='ocrx_word' id='word_1_237' title='bbox 752 2012 954 2066; x_wconf 87' lang='lat' dir='ltr'>capitulis</span> <span class='ocrx_word' id='word_1_238' title='bbox 976 2011 1272 2054; x_wconf 90' lang='lat' dir='ltr'>mediocribus</span> <span class='ocrx_word' id='word_1_239' title='bbox 1299 2008 1655 2063; x_wconf 87' lang='lat' dir='ltr'>ovato-globosis,</span> <span class='ocrx_word' id='word_1_240' title='bbox 1678 2009 1801 2051; x_wconf 88' lang='lat' dir='ltr'>invo-</span> 
     </span>
     <span class='ocr_line' id='line_1_29' title="bbox 91 2067 1802 2125; baseline -0.002 -14"><span class='ocrx_word' id='word_1_241' title='bbox 91 2069 202 2112; x_wconf 88' lang='lat' dir='ltr'>lucri</span> <span class='ocrx_word' id='word_1_242' title='bbox 240 2070 401 2125; x_wconf 82' lang='lat' dir='ltr'>phyllis</span> <span class='ocrx_word' id='word_1_243' title='bbox 439 2071 636 2125; x_wconf 87' lang='lat' dir='ltr'>oblongis</span> <span class='ocrx_word' id='word_1_244' title='bbox 674 2071 838 2125; x_wconf 85' lang='lat' dir='ltr'>glabris</span> <span class='ocrx_word' id='word_1_245' title='bbox 878 2071 1073 2124; x_wconf 86' lang='lat' dir='ltr'>margine</span> <span class='ocrx_word' id='word_1_246' title='bbox 1111 2070 1303 2113; x_wconf 87' lang='lat' dir='ltr'>scarioso</span> <span class='ocrx_word' id='word_1_247' title='bbox 1341 2068 1500 2123; x_wconf 86' lang='lat' dir='ltr'>pallide</span> <span class='ocrx_word' id='word_1_248' title='bbox 1540 2067 1802 2110; x_wconf 84' lang='lat' dir='ltr'>fuscescenti</span> 
     </span>
     <span class='ocr_line' id='line_1_30' title="bbox 94 2126 1802 2182; baseline -0.002 -12"><span class='ocrx_word' id='word_1_249' title='bbox 94 2127 346 2171; x_wconf 86' lang='lat' dir='ltr'>decurrenti</span> <span class='ocrx_word' id='word_1_250' title='bbox 372 2130 416 2172; x_wconf 91' lang='lat' dir='ltr'>in</span> <span class='ocrx_word' id='word_1_251' title='bbox 442 2129 595 2174; x_wconf 89' lang='lat' dir='ltr'>dentes</span> <span class='ocrx_word' id='word_1_252' title='bbox 627 2130 890 2174; x_wconf 87' lang='lat' dir='ltr'>lanceolatos</span> <span class='ocrx_word' id='word_1_253' title='bbox 914 2129 1036 2173; x_wconf 85' lang='lat' dir='ltr'>albos</span> <span class='ocrx_word' id='word_1_254' title='bbox 1064 2128 1277 2171; x_wconf 85' lang='lat' dir='ltr'>diametro</span> <span class='ocrx_word' id='word_1_255' title='bbox 1312 2127 1451 2182; x_wconf 81' lang='lat' dir='ltr'>phylli</span> <span class='ocrx_word' id='word_1_256' title='bbox 1487 2126 1802 2169; x_wconf 88' lang='lat' dir='ltr'>subbreviores</span> 
     </span>
     <span class='ocr_line' id='line_1_31' title="bbox 91 2185 1802 2288; baseline -0.002 -59"><span class='ocrx_word' id='word_1_257' title='bbox 91 2186 269 2288; x_wconf 55' lang='lat' dir='ltr'>partito,</span> <span class='ocrx_word' id='word_1_258' title='bbox 296 2188 490 2232; x_wconf 88' lang='lat' dir='ltr'>flosculis</span> <span class='ocrx_word' id='word_1_259' title='bbox 513 2189 911 2232; x_wconf 83' lang='lat' dir='ltr'>caeruleo-lilacinis</span> <span class='ocrx_word' id='word_1_260' title='bbox 935 2188 1061 2231; x_wconf 89' lang='lat' dir='ltr'>valde</span> <span class='ocrx_word' id='word_1_261' title='bbox 1085 2186 1375 2239; x_wconf 81' lang='lat' dir='ltr'>radiantibus,</span> <span class='ocrx_word' id='word_1_262' title='bbox 1399 2185 1589 2229; x_wconf 87' lang='lat' dir='ltr'>acheniis</span> <span class='ocrx_word' id='word_1_263' title='bbox 1611 2185 1802 2239; x_wconf 90' lang='lat' dir='ltr'>puberu-</span> 
     </span>
     <span class='ocr_line' id='line_1_32' title="bbox 110 2245 383 2298; baseline 0.011 -11"><span class='ocrx_word' id='word_1_264' title='bbox 110 2245 147 2288; x_wconf 88' lang='lat' dir='ltr'>is</span> <span class='ocrx_word' id='word_1_265' title='bbox 170 2246 304 2289; x_wconf 84' lang='lat' dir='ltr'>calvis</span> <span class='ocrx_word' id='word_1_266' title='bbox 335 2251 383 2298; x_wconf 79' lang='grc' dir='ltr'>Θ</span> 
     </span>
    </p>
   </div>
   <div class='ocr_carea' id='block_1_8' title="bbox 92 2316 1806 2461">
    <p class='ocr_par' dir='ltr' id='par_1_9' title="bbox 92 2316 1806 2461">
     <span class='ocr_line' id='line_1_33' title="bbox 141 2316 1806 2367; baseline -0.002 -13"><span class='ocrx_word' id='word_1_267' title='bbox 141 2317 247 2354; x_wconf 86' lang='lat' dir='ltr'>Hab.</span> <span class='ocrx_word' id='word_1_268' title='bbox 269 2321 306 2355; x_wconf 84' lang='lat' dir='ltr'>in</span> <span class='ocrx_word' id='word_1_269' title='bbox 322 2319 493 2356; x_wconf 88' lang='lat' dir='ltr'>collibus</span> <span class='ocrx_word' id='word_1_270' title='bbox 518 2323 555 2356; x_wconf 89' lang='lat' dir='ltr'>et</span> <span class='ocrx_word' id='word_1_271' title='bbox 576 2321 693 2357; x_wconf 88' lang='lat' dir='ltr'>cultis</span> <span class='ocrx_word' id='word_1_272' title='bbox 717 2321 844 2367; x_wconf 85' lang='lat' dir='ltr'>Syriae</span> <span class='ocrx_word' id='word_1_273' title='bbox 867 2320 1052 2357; x_wconf 84' lang='lat' dir='ltr'>littoralis</span> <span class='ocrx_word' id='word_1_274' title='bbox 1081 2319 1132 2356; x_wconf 85' lang='lat' dir='ltr'>ad</span> <span class='ocrx_word' id='word_1_275' title='bbox 1161 2319 1349 2356; x_wconf 88' lang='lat' dir='ltr'>Sidonem</span> <span class='ocrx_word' id='word_1_276' title='bbox 1375 2317 1488 2363; x_wconf 87' lang='lat' dir='ltr'>(Bll),</span> <span class='ocrx_word' id='word_1_277' title='bbox 1516 2316 1659 2353; x_wconf 87' lang='lat' dir='ltr'>Libani</span> <span class='ocrx_word' id='word_1_278' title='bbox 1687 2326 1806 2363; x_wconf 83' lang='lat' dir='ltr'>supra</span> 
     </span>
     <span class='ocr_line' id='line_1_34' title="bbox 92 2364 1806 2415; baseline -0.002 -14"><span class='ocrx_word' id='word_1_279' title='bbox 92 2364 282 2402; x_wconf 86' lang='lat' dir='ltr'>Sidonem</span> <span class='ocrx_word' id='word_1_280' title='bbox 301 2370 339 2403; x_wconf 88' lang='lat' dir='ltr'>et</span> <span class='ocrx_word' id='word_1_281' title='bbox 357 2366 577 2413; x_wconf 86' lang='lat' dir='ltr'>Berythum</span> <span class='ocrx_word' id='word_1_282' title='bbox 603 2368 763 2413; x_wconf 58' lang='lat' dir='ltr'>[Gaium</span> <span class='ocrx_word' id='word_1_283' title='bbox 782 2372 819 2404; x_wconf 91' lang='lat' dir='ltr'>et</span> <span class='ocrx_word' id='word_1_284' title='bbox 835 2379 956 2415; x_wconf 87' lang='lat' dir='ltr'>prope</span> <span class='ocrx_word' id='word_1_285' title='bbox 976 2367 1189 2404; x_wconf 85' lang='lat' dir='ltr'>Bescharre</span> <span class='ocrx_word' id='word_1_286' title='bbox 1207 2365 1385 2411; x_wconf 82' lang='lat' dir='ltr'>(Ehrenb</span> <span class='ocrx_word' id='word_1_287' title='bbox 1398 2366 1434 2410; x_wconf 90' lang='lat' dir='ltr'>l),</span> <span class='ocrx_word' id='word_1_288' title='bbox 1456 2364 1666 2401; x_wconf 81' lang='lat' dir='ltr'>Palestinae</span> <span class='ocrx_word' id='word_1_289' title='bbox 1685 2372 1806 2410; x_wconf 85' lang='lat' dir='ltr'>prope</span> 
     </span>
     <span class='ocr_line' id='line_1_35' title="bbox 93 2411 1351 2461; baseline -0.001 -13"><span class='ocrx_word' id='word_1_290' title='bbox 93 2411 316 2450; x_wconf 84' lang='lat' dir='ltr'>Samariam</span> <span class='ocrx_word' id='word_1_291' title='bbox 335 2416 372 2450; x_wconf 89' lang='lat' dir='ltr'>et</span> <span class='ocrx_word' id='word_1_292' title='bbox 388 2414 429 2449; x_wconf 90' lang='lat' dir='ltr'>in</span> <span class='ocrx_word' id='word_1_293' title='bbox 451 2414 615 2461; x_wconf 87' lang='lat' dir='ltr'>planitie</span> <span class='ocrx_word' id='word_1_294' title='bbox 633 2415 852 2451; x_wconf 78' lang='lat' dir='ltr'>Esdraelon</span> <span class='ocrx_word' id='word_1_295' title='bbox 869 2415 1002 2460; x_wconf 85' lang='lat' dir='ltr'>(Boiss</span> <span class='ocrx_word' id='word_1_296' title='bbox 1014 2417 1052 2460; x_wconf 88' lang='lat' dir='ltr'>l).</span> <span class='ocrx_word' id='word_1_297' title='bbox 1071 2414 1130 2450; x_wconf 87' lang='lat' dir='ltr'>Fl.</span> <span class='ocrx_word' id='word_1_298' title='bbox 1148 2414 1241 2460; x_wconf 91' lang='lat' dir='ltr'>Apr.</span> <span class='ocrx_word' id='word_1_299' title='bbox 1260 2412 1351 2448; x_wconf 89' lang='lat' dir='ltr'>Mai.</span> 
     </span>
    </p>
   </div>
   <div class='ocr_carea' id='block_1_9' title="bbox 98 2480 1806 2580">
    <p class='ocr_par' dir='ltr' id='par_1_10' title="bbox 98 2480 1806 2580">
     <span class='ocr_line' id='line_1_36' title="bbox 140 2480 1806 2533; baseline -0.004 -10"><span class='ocrx_word' id='word_1_300' title='bbox 140 2486 245 2523; x_wconf 86' lang='lat' dir='ltr'>Inter</span> <span class='ocrx_word' id='word_1_301' title='bbox 272 2497 426 2523; x_wconf 86' lang='lat' dir='ltr'>annuas</span> <span class='ocrx_word' id='word_1_302' title='bbox 456 2487 576 2533; x_wconf 88' lang='lat' dir='ltr'>hujus</span> <span class='ocrx_word' id='word_1_303' title='bbox 608 2487 793 2523; x_wconf 88' lang='lat' dir='ltr'>sectionis</span> <span class='ocrx_word' id='word_1_304' title='bbox 826 2487 933 2523; x_wconf 85' lang='lat' dir='ltr'>foliis</span> <span class='ocrx_word' id='word_1_305' title='bbox 964 2485 1251 2523; x_wconf 87' lang='lat' dir='ltr'>obtusiusculis</span> <span class='ocrx_word' id='word_1_306' title='bbox 1282 2482 1601 2526; x_wconf 85' lang='lat' dir='ltr'>subauriculatis,</span> <span class='ocrx_word' id='word_1_307' title='bbox 1629 2480 1806 2518; x_wconf 74' lang='lat' dir='ltr'>acheniis</span> 
     </span>
     <span class='ocr_line' id='line_1_37' title="bbox 98 2534 600 2580; baseline 0 -10"><span class='ocrx_word' id='word_1_308' title='bbox 98 2535 256 2580; x_wconf 78' lang='lat' dir='ltr'>magnis</span> <span class='ocrx_word' id='word_1_309' title='bbox 276 2534 399 2570; x_wconf 86' lang='lat' dir='ltr'>calvis</span> <span class='ocrx_word' id='word_1_310' title='bbox 420 2534 600 2580; x_wconf 82' lang='lat' dir='ltr'>insignis.</span> 
     </span>
    </p>
   </div>
   <div class='ocr_carea' id='block_1_10' title="bbox 95 2659 1811 3071">
    <p class='ocr_par' dir='ltr' id='par_1_11' title="bbox 95 2659 1811 3071">
     <span class='ocr_line' id='line_1_38' title="bbox 156 2659 1806 2720; baseline -0.004 -14"><span class='ocrx_word' id='word_1_311' title='bbox 156 2665 227 2706; x_wconf 76' lang='lat'>41.</span> <span class='ocrx_word' id='word_1_312' title='bbox 259 2664 316 2708; x_wconf 86' lang='lat' dir='ltr'>C.</span> <span class='ocrx_word' id='word_1_313' title='bbox 346 2663 592 2708; x_wconf 83' lang='lat' dir='ltr'>Pinardi</span> <span class='ocrx_word' id='word_1_314' title='bbox 624 2664 786 2720; x_wconf 83' lang='lat' dir='ltr'>(Boiss.</span> <span class='ocrx_word' id='word_1_315' title='bbox 811 2664 963 2718; x_wconf 85' lang='lat' dir='ltr'>Diagn.</span> <span class='ocrx_word' id='word_1_316' title='bbox 989 2663 1082 2707; x_wconf 89' lang='lat' dir='ltr'>Ser.</span> <span class='ocrx_word' id='word_1_317' title='bbox 1112 2663 1144 2715; x_wconf 90' lang='lat' dir='ltr'>I,</span> <span class='ocrx_word' id='word_1_318' title='bbox 1171 2663 1213 2715; x_wconf 72' lang='lat'>4,</span> <span class='ocrx_word' id='word_1_319' title='bbox 1238 2675 1278 2717; x_wconf 88' lang='lat' dir='ltr'>p.</span> <span class='ocrx_word' id='word_1_320' title='bbox 1311 2662 1384 2715; x_wconf 74' lang='lat'>17)</span> <span class='ocrx_word' id='word_1_321' title='bbox 1409 2672 1571 2707; x_wconf 83' lang='lat' dir='ltr'>annua.</span> <span class='ocrx_word' id='word_1_322' title='bbox 1596 2659 1806 2713; x_wconf 83' lang='lat' dir='ltr'>adpresse</span> 
     </span>
     <span class='ocr_line' id='line_1_39' title="bbox 95 2718 1807 2776; baseline -0.004 -11"><span class='ocrx_word' id='word_1_323' title='bbox 95 2723 646 2767; x_wconf 78' lang='lat' dir='ltr'>arachnoideo-canescens</span> <span class='ocrx_word' id='word_1_324' title='bbox 683 2724 750 2767; x_wconf 89' lang='lat' dir='ltr'>vel</span> <span class='ocrx_word' id='word_1_325' title='bbox 777 2736 897 2776; x_wconf 83' lang='lat' dir='ltr'>cana,</span> <span class='ocrx_word' id='word_1_326' title='bbox 924 2722 1123 2766; x_wconf 87' lang='lat' dir='ltr'>caulibus</span> <span class='ocrx_word' id='word_1_327' title='bbox 1156 2735 1181 2764; x_wconf 92' lang='lat' dir='ltr'>a</span> <span class='ocrx_word' id='word_1_328' title='bbox 1215 2721 1325 2764; x_wconf 90' lang='lat' dir='ltr'>collo</span> <span class='ocrx_word' id='word_1_329' title='bbox 1363 2718 1705 2762; x_wconf 84' lang='lat' dir='ltr'>ascendentibus</span> <span class='ocrx_word' id='word_1_330' title='bbox 1740 2718 1807 2759; x_wconf 91' lang='lat' dir='ltr'>vel</span> 
     </span>
     <span class='ocr_line' id='line_1_40' title="bbox 97 2776 1810 2837; baseline -0.004 -13"><span class='ocrx_word' id='word_1_331' title='bbox 97 2782 256 2825; x_wconf 85' lang='lat' dir='ltr'>erectis</span> <span class='ocrx_word' id='word_1_332' title='bbox 284 2782 461 2836; x_wconf 90' lang='lat' dir='ltr'>pumilis</span> <span class='ocrx_word' id='word_1_333' title='bbox 489 2783 762 2837; x_wconf 89' lang='lat' dir='ltr'>simplicibus</span> <span class='ocrx_word' id='word_1_334' title='bbox 784 2783 855 2826; x_wconf 88' lang='lat' dir='ltr'>vel</span> <span class='ocrx_word' id='word_1_335' title='bbox 881 2781 1169 2832; x_wconf 90' lang='lat' dir='ltr'>subramosis,</span> <span class='ocrx_word' id='word_1_336' title='bbox 1194 2779 1310 2823; x_wconf 84' lang='lat' dir='ltr'>foliis</span> <span class='ocrx_word' id='word_1_337' title='bbox 1333 2776 1616 2821; x_wconf 85' lang='lat' dir='ltr'>inferioribus</span> <span class='ocrx_word' id='word_1_338' title='bbox 1642 2776 1810 2831; x_wconf 87' lang='lat' dir='ltr'>subpe—</span> 
     </span>
     <span class='ocr_line' id='line_1_41' title="bbox 97 2835 1808 2896; baseline -0.004 -12"><span class='ocrx_word' id='word_1_339' title='bbox 97 2840 261 2884; x_wconf 83' lang='lat' dir='ltr'>tiolatis</span> <span class='ocrx_word' id='word_1_340' title='bbox 285 2840 537 2884; x_wconf 86' lang='lat' dir='ltr'>lanceolatis</span> <span class='ocrx_word' id='word_1_341' title='bbox 563 2842 607 2884; x_wconf 89' lang='lat' dir='ltr'>in</span> <span class='ocrx_word' id='word_1_342' title='bbox 636 2844 858 2896; x_wconf 82' lang='lat' dir='ltr'>segmenta</span> <span class='ocrx_word' id='word_1_343' title='bbox 885 2854 1022 2895; x_wconf 85' lang='lat' dir='ltr'>parva</span> <span class='ocrx_word' id='word_1_344' title='bbox 1050 2839 1261 2893; x_wconf 86' lang='lat' dir='ltr'>utrinque</span> <span class='ocrx_word' id='word_1_345' title='bbox 1290 2839 1363 2879; x_wconf 81' lang='lat'>3-5</span> <span class='ocrx_word' id='word_1_346' title='bbox 1391 2835 1808 2891; x_wconf 82' lang='lat' dir='ltr'>pinnatisecto-sub-</span> 
     </span>
     <span class='ocr_line' id='line_1_42' title="bbox 100 2894 1811 2954; baseline -0.002 -14"><span class='ocrx_word' id='word_1_347' title='bbox 100 2898 276 2952; x_wconf 67' lang='lat' dir='ltr'>lvi-atis,</span> <span class='ocrx_word' id='word_1_348' title='bbox 313 2900 619 2954; x_wconf 89' lang='lat' dir='ltr'>superioribus</span> <span class='ocrx_word' id='word_1_349' title='bbox 657 2904 841 2954; x_wconf 86' lang='lat' dir='ltr'>anguste</span> <span class='ocrx_word' id='word_1_350' title='bbox 883 2898 1126 2942; x_wconf 87' lang='lat' dir='ltr'>linearibus</span> <span class='ocrx_word' id='word_1_351' title='bbox 1169 2895 1447 2940; x_wconf 82' lang='lat' dir='ltr'>denticulatis</span> <span class='ocrx_word' id='word_1_352' title='bbox 1488 2894 1557 2938; x_wconf 88' lang='lat' dir='ltr'>vel</span> <span class='ocrx_word' id='word_1_353' title='bbox 1604 2894 1811 2948; x_wconf 80' lang='lat' dir='ltr'>integris,</span> 
     </span>
     <span class='ocr_line' id='line_1_43' title="bbox 100 2951 1809 3017; baseline -0.004 -17"><span class='ocrx_word' id='word_1_354' title='bbox 100 2957 304 3012; x_wconf 83' lang='lat' dir='ltr'>capitulis</span> <span class='ocrx_word' id='word_1_355' title='bbox 345 2958 639 3003; x_wconf 88' lang='lat' dir='ltr'>mediocribus</span> <span class='ocrx_word' id='word_1_356' title='bbox 672 2957 1182 3013; x_wconf 81' lang='lat' dir='ltr'>ovato-hemispbaericis,</span> <span class='ocrx_word' id='word_1_357' title='bbox 1215 2954 1431 3000; x_wconf 88' lang='lat' dir='ltr'>involucri</span> <span class='ocrx_word' id='word_1_358' title='bbox 1467 2953 1607 3008; x_wconf 85' lang='lat' dir='ltr'>glabri</span> <span class='ocrx_word' id='word_1_359' title='bbox 1649 2951 1809 3017; x_wconf 74' lang='lat' dir='ltr'>phyllis</span> 
     </span>
     <span class='ocr_line' id='line_1_44' title="bbox 100 3011 1810 3071; baseline -0.003 -13"><span class='ocrx_word' id='word_1_360' title='bbox 100 3014 299 3071; x_wconf 80' lang='lat' dir='ltr'>oblongis</span> <span class='ocrx_word' id='word_1_361' title='bbox 322 3018 516 3071; x_wconf 78' lang='lat' dir='ltr'>margine</span> <span class='ocrx_word' id='word_1_362' title='bbox 540 3017 732 3062; x_wconf 90' lang='lat' dir='ltr'>scarioso</span> <span class='ocrx_word' id='word_1_363' title='bbox 760 3017 1013 3061; x_wconf 82' lang='lat' dir='ltr'>decurrenti</span> <span class='ocrx_word' id='word_1_364' title='bbox 1034 3016 1081 3059; x_wconf 91' lang='lat' dir='ltr'>in</span> <span class='ocrx_word' id='word_1_365' title='bbox 1102 3015 1255 3059; x_wconf 85' lang='lat' dir='ltr'>dentes</span> <span class='ocrx_word' id='word_1_366' title='bbox 1282 3013 1545 3056; x_wconf 85' lang='lat' dir='ltr'>lanceolatos</span> <span class='ocrx_word' id='word_1_367' title='bbox 1568 3011 1690 3055; x_wconf 88' lang='lat' dir='ltr'>albos</span> <span class='ocrx_word' id='word_1_368' title='bbox 1716 3012 1810 3053; x_wconf 83' lang='lat' dir='ltr'>lati-</span> 
     </span>
    </p>
   </div>
  </div>
 </body>
</html>
