2090 3291
253 224 324 267 6l48
970 234 1218 265 conposrrAE.
1703 229 1946 269 Centaurea.

253 312 529 366 superiorum
567 309 823 353 convolutis.
858 309 1164 363 superioribus
1195 309 1386 351 minimis
1414 308 1631 362 indivisiS,
1666 311 1869 365 capitulis
1895 313 1950 355 ad

255 371 445 413 ramulos
470 369 689 411 foliolosos
715 367 919 410 solitariis
942 367 1239 411 mediocribus
1260 367 1415 417 ovatis,
1436 368 1652 411 involucri
1676 368 1951 423 glabresccn-

250 430 307 472 tis
330 427 489 482 phyllis
513 427 735 480 adpressis
756 426 878 468 valde
906 425 1261 469 sulcato-striatis
1279 426 1418 469 ovatis
1440 430 1483 469 et
1510 427 1705 481 oblongis
1724 428 1769 470 in
1787 441 1951 484 appen-

255 487 390 528 dicem
425 486 711 539 sphacelatam
737 485 862 537 longe
890 484 1310 537 pectinato-ciliatam
1352 489 1652 528 mucronatam
1685 486 1954 530 abeuntibus

253 556 458 587 mucrone
485 544 594 585 ciliis
618 543 835 593 breviore,
860 543 1052 585 flosculis
1079 543 1218 586 roseis
1253 543 1631 596 subradiantibuS‚
1670 546 1802 599 pappi
1835 547 1954 589 serie

253 602 510 645 intermedia
526 603 699 644 tertiam
727 602 795 643 vel
822 601 1042 643 dimidiam
1065 602 1232 644 achenii
1254 604 1423 656 partem
1439 606 1640 656 aequante
1665 603 1734 658 Q).
1763 603 1802 646 C.
1819 605 1952 659 pani-

254 661 399 703 culata
421 661 526 702 ΜΒ.
547 661 674 702 Taur.
701 658 824 702 Cauc.
851 659 903 711 11,
928 673 968 714 p.
995 660 1093 701 346.
1114 684 1168 689 —
1197 659 1238 702 C.
1263 658 1572 702 Biebersteinie'
1597 675 1679 705 n.c.
1700 662 1855 705 Prodr.
1877 663 1952 714 VI,

254 732 293 773 p.
319 720 416 761 583.
442 743 500 747 —
523 721 564 760 l).
589 717 859 759 micranthos
887 717 1022 759 Gmel.
1049 743 1105 749 —
1131 718 1185 760 Ic.
1214 720 1330 773 Jacq.
1359 721 1510 761 Austr.
1533 720 1618 762 tab.
1647 721 1749 764 320.

301 791 402 827 Hab.
421 792 460 827 in
480 791 590 827 siccis
609 790 849 826 Macedoniae.
876 790 924 834 (F
926 791 1000 826 riv.
1024 791 1099 826 sub
1129 790 1166 828 C.
1190 789 1350 839 υίνρατᾶ
1376 790 1589 839 αἰόὴῒονᾶ),
1615 793 1772 830 Tauriae
1794 793 1954 839 (Stev.),

255 838 417 874 Caucasi
435 840 530 885 sept.
553 838 587 873 et
605 838 863 873 Ciscaucasiae
882 837 1009 882 (MR,
1026 838 1163 883 Hohl).

300 901 521 948 Specimina
551 899 768 936 Orientalia
790 910 813 935 a
843 900 1131 946 Tyrolensibus
1164 901 1240 936 nisi
1259 911 1387 949 pappo
1417 902 1674 939 subbreviore
1708 903 1955 950 distinguere

254 958 414 995 nequeo.

300 1014 360 1048 Ar.
390 1013 524 1057 Geogr.
553 1012 696 1057 Gallia,
718 1012 913 1055 Helvetia,
944 1013 1171 1055 Germania,
1203 1012 1319 1048 Italia
1349 1013 1530 1059 borealis,
1562 1014 1670 1060 regio
1702 1014 1956 1060 Danubialis,

253 1059 398 1104 Serbia,
416 1059 554 1095 Bossia
574 1059 704 1095 media
724 1062 761 1094 et
779 1059 975 1104 australis,
992 1059 1136 1095 Sibiria
1154 1060 1370 1096 Uralensis.

314 1193 378 1233 72.
415 1192 467 1234 C.
500 1192 678 1234 ovina
710 1192 835 1245 (Pall.
875 1191 918 1233 in
953 1191 1101 1233 Willd.
1129 1191 1204 1245 ΙΙΙ,
1236 1205 1277 1246 p.
1305 1190 1439 1246 2292)
1474 1191 1686 1245 adpresse
1713 1203 1952 1234 canescens

258 1252 323 1293 vel
351 1263 470 1298 cana,
501 1250 694 1293 caulibus
720 1250 955 1303 gracilibus
983 1251 1163 1303 virgatis
1186 1249 1312 1294 elatis
1339 1263 1361 1291 a
1386 1250 1476 1292 basi
1502 1249 1773 1292 divaricalim
1808 1262 1955 1292 ramo-

257 1309 441 1352 sissimis
464 1309 684 1362 ramisque
708 1309 919 1361 elongatis
946 1309 1152 1351 tenuibus
1180 1309 1387 1352 foliolosis
1411 1309 1747 1363 monocephalis,
1771 1309 1881 1352 foliis
1907 1309 1952 1351 in

255 1368 460 1410 lacinulas
485 1368 667 1409 lineares
694 1367 975 1410 inferioribus
1002 1368 1218 1421 petiolatis
1246 1368 1592 1421 bipinnatisectis
1617 1368 1799 1410 caulinis
1821 1368 1955 1411 sessi-

257 1427 369 1468 libus
403 1427 523 1468 valde
555 1426 818 1469 abbreviatis
856 1426 1062 1481 pinnatis,
1100 1428 1260 1470 rameis
1298 1427 1447 1481 parvis
1476 1426 1727 1476 linearibus,
1750 1427 1957 1481 capitulis

257 1484 546 1527 mediocribus
586 1485 739 1532 ovatis,
782 1485 998 1527 involucri
1034 1486 1268 1528 tomentelli
1308 1485 1466 1539 phyllis
1502 1486 1641 1528 ovatis
1675 1489 1717 1527 et
1755 1485 1956 1539 oblongis

253 1545 475 1597 adpressis
507 1544 547 1585 iu
578 1544 857 1598 appendicem
896 1544 1099 1598 pallidam
1137 1544 1331 1588 breviter
1363 1545 1677 1598 triangularem
1715 1545 1953 1599 pectinatu-

253 1602 436 1644 ciliatam
463 1614 666 1644 mucrone
693 1603 802 1644 ciliis
831 1604 903 1645 vix
930 1604 1123 1656 longiore
1149 1604 1422 1645 terminatam
1448 1603 1725 1654 abeuntibus,
1750 1603 1956 1646 'flosculis

254 1662 390 1702 roseis
415 1661 784 1711 subrasliantihus.
808 1674 948 1716 pappo
967 1662 1228 1705 brevissimo
1252 1663 1320 1705 vel
1341 1662 1462 1704 nullo
1488 1662 1556 1716 Q).
1584 1661 1623 1704 C.
1652 1661 1954 1704 Holzenackeri

253 1719 368 1762 Stev.
396 1720 547 1762 Elium.
574 1720 703 1762 Taur.
732 1733 770 1774 p.
800 1721 897 1762 221.
919 1745 968 1750 —-
1000 1720 1039 1763 C.
1069 1720 1254 1773 caprina
1281 1720 1397 1764 Stcv.
1422 1721 1500 1764 loc.
1525 1724 1592 1763 cit.
1619 1734 1657 1775 p.
1688 1721 1772 1762 220
1793 1720 1951 1776 (forma

252 1778 440 1821 acheniis
469 1779 633 1833 calvis).

299 1851 398 1886 Hah.
421 1853 460 1887 in
480 1852 763 1898 campestribus
783 1853 940 1889 Tauriae
961 1856 999 1888 et
1016 1864 1125 1900 prov.
1146 1854 1444 1890 Caucasicarum
1464 1853 1593 1898 (Stevl
1623 1853 1751 1899 MR),
1772 1854 1956 1899 Georgi-ae

251 1898 470 1934 Caucasicae
501 1903 538 1934 et
571 1910 677 1945 prov.
710 1900 885 1944 Talysch
919 1900 1076 1945 (Hom),
1107 1902 1305 1936 Armeniae
1336 1901 1509 1937 Rossicae
1539 1901 1589 1936 ad
1614 1901 1745 1936 lacum
1773 1900 1953 1937 Gokchai

251 1945 418 1989 (Scidit),
440 1957 546 1992 prov.
566 1947 714 1982 Ghilan
737 1947 879 1982 Persiae
896 1947 980 1983 bor.
1001 1948 1145 1992 (Auch.
1165 1948 1310 1993 48501).

298 2008 478 2054 Capitula
497 2009 532 2044 C.
552 2009 793 2053 panz'culatce
807 2011 875 2045 sed
895 2010 1024 2046 caules
1044 2011 1324 2058 (1-3—pedalesi
1342 2022 1365 2046 a
1384 2011 1482 2055 basi,
1502 2011 1955 2056 subdichotome,multo

249 2054 406 2100 longius
427 2057 572 2091 ramosi
587 2059 624 2092 et
641 2057 755 2092 facies
776 2057 922 2103 plantae
944 2058 1032 2093 ideo
1052 2058 1179 2094 multo
1198 2060 1325 2104 magis
1344 2059 1498 2094 diffusa.
1516 2059 1673 2105 Pappus
1691 2059 1854 2105 insuper
1867 2059 1954 2094 bre.-

252 2103 438 2138 vissirnus
458 2107 493 2138 et
512 2104 707 2139 interdum
726 2104 869 2140 nullus.

294 2166 353 2201 Ar.
382 2166 514 2211 Geoqr.
546 2167 682 2202 Rossia
699 2167 900 2202 australis

311 2299 376 2339 73.
414 2298 467 2341 C.
499 2298 819 2341 tenuissora
855 2302 950 2351 (uc.
978 2298 1134 2341 Prodr.
1166 2298 1238 2350 VI,
1264 2312 1305 2353 p.
1334 2297 1440 2351 584]
1474 2299 1688 2352 adpresse
1718 2309 1953 2340 araneoso-

249 2357 581 2408 subcanescens‚
610 2357 804 2399 caulibus
842 2358 1021 2410 virgatis
1060 2357 1370 2400 ramosissimis
1394 2357 1643 2410 fastigiatim
1678 2356 1953 2409 corymbosis

250 2416 555 2469 polycephalis‚
579 2416 687 2458 foliis
706 2417 750 2458 in
773 2417 949 2459 lacinias
965 2416 1158 2459 tenuiter
1177 2416 1365 2459 lineares
1388 2416 1672 2458 inferioribus
1691 2415 1948 2468 bipinnatim

251 2475 418 2516 caeteris
438 2476 645 2528 pinnatim
670 2475 799 2517 sectis
817 2475 976 2517 rameis
994 2475 1211 2527 indivisis,
1230 2475 1411 2518 ramulis
1429 2474 1703 2518 brevissimIS
1725 2473 1952 2526 foliolosis,

250 2534 448 2586 capitulis
486 2534 668 2576 minutis
708 2533 1165 2588 oblongo-cylindricis
1208 2534 1439 2586 tenuibus,
1482 2532 1700 2576 involucri
1745 2531 1948 2586 puberuli

251 2592 409 2645 phyllis
447 2593 786 2644 triangularibus
815 2596 857 2634 et
884 2592 1133 2635 lanceolatis
1170 2593 1342 2646 pallidis
1376 2593 1496 2645 apice
1534 2591 1805 2645 longiuscule
1841 2591 1943 2632 9-11

253 2651 501 2704 pectinatim
540 2652 692 2693 riliatis
736 2652 778 2693 in
820 2662 1072 2693 mucronem
1110 2651 1219 2694 ciliis
1258 2651 1581 2704 sublongiorem
1618 2653 1660 2692 et
1692 2650 1946 2692 validiorem

251 2709 526 2757 abeuntibus,
553 2710 744 2752 flosculis
780 2711 918 2753 roseis
957 2710 1331 2761 subradiantibus‚
1367 2710 1499 2764 pappi
1534 2710 1639 2751 setis
1672 2707 1948 2751 intermediis

250 2768 427 2810 achenio
452 2769 573 2810 brevi
598 2769 853 2822 aequilongis
879 2769 946 2823 (a).

295 2840 393 2875 Hab.
412 2841 451 2876 in
470 2841 613 2876 Tauria
631 2841 826 2888 (Beaupre
841 2842 881 2876 in
899 2852 972 2877 ΠΟ.
992 2843 1102 2878 herb!
1118 2842 1193 2877 sub
1213 2844 1246 2878 C.
1262 2842 1491 2888 parviflorae
1506 2843 1543 2876 et
1556 2841 1681 2877 ovinae
1694 2840 1883 2884 nomine.)

297 2903 449 2948 Species
468 2915 488 2938 a
509 2905 547 2940 C.
570 2902 684 2940 ουίπᾶ
707 2905 1005 2940 distinctissima
1032 2905 1214 2951 capitulis
1236 2905 1421 2940 tenuibus
1446 2904 1671 2950 cylindricis
1699 2903 1750 2939 ad
1773 2902 1946 2939 ramulo-

250 2960 337 2984 rum
359 2950 535 2985 brevium
556 2953 702 2997 apicem
725 2952 911 2987 solitariis
937 2953 1036 2987 inter
1053 2962 1093 2987 se
1111 2952 1397 2998 approvimatis
1416 2951 1674 2995 creberrimis,
1692 2960 1821 2997 pappo
1840 2949 1947 2986 elon-

252 3000 355 3041 gato.
379 2996 413 3033 C.
444 2997 677 3033 Besserz'ancz
698 3008 770 3033 nc.
791 3014 833 3032 z
853 2999 1014 3044 viryata
1034 2998 1172 3034 Besser
1190 2999 1329 3034 Enum.
1351 3009 1430 3035 non
1449 2998 1556 3034 Lam.
1576 3008 1596 3034 e
1614 2997 1777 3034 Podolia
1795 2998 1835 3032 in
1855 3006 1946 3032 nos-
