2066 3296
116 249 344 288 Serratula.
845 257 1092 285 COMPOSITAE.
1751 252 1822 289 591

116 332 353 387 composite
385 331 641 386 corymboso
676 330 958 385 polycephalo
987 331 1120 374 ramis
1153 330 1305 383 rigidis
1337 333 1681 385 erecto-patulis,
1706 333 1820 377 foliis

116 392 281 434 ambitu
313 389 801 444 oblongo-lanceolatis
841 390 886 431 iu
927 390 1105 432 lacinias
1141 390 1402 432 lanceolalas
1436 395 1583 433 acutas
1621 391 1825 436 dentatas.

116 449 474 505 pinnatipartitis‚
500 447 765 491 radicalibus
791 448 834 490 in
863 449 1072 502 petiolum
1099 449 1547 493 attenuatis.caulinis
1572 450 1816 502 sessilibus,

116 507 301 553 summis
343 507 493 562 parvis
526 506 765 549 linearibus
803 507 1001 561 integris,
1035 507 1235 562 capitulis
1277 508 1426 560 parvis
1463 508 1659 562 oblongis
1693 511 1818 563 longe

117 567 433 622 pedunculatis‚
457 566 675 609 involucri
697 566 846 619 pallidi
867 578 996 620 parce
1020 567 1220 608 araneosi
1238 566 1396 620 phyllis
1415 567 1618 609 scariosis
1642 569 1820 621 adpres-

115 628 176 669 sis
214 625 353 669 ovatis
387 629 430 668 et
466 624 661 678 oblongis
696 625 743 666 in
778 625 947 678 spinam
992 624 1311 678 longiusculam
1347 626 1819 679 erecto-subpetentem

114 685 364 735 attenuatiS‚
387 684 552 727 intimis
579 683 714 726 multo
739 684 1010 737 longioribus
1030 685 1113 727 late
1130 683 1370 726 linearibus
1394 684 1668 727 radiantibus
1692 686 1818 729 oblu-

114 743 318 786 siusculis
352 743 593 797 apiculatis,
617 740 807 784 flosculis
842 743 996 791 roseis,
1034 743 1225 785 acheniis
1259 743 1424 785 striatis
1458 744 1549 785 basi
1585 745 1817 787 attenuatis

111 802 482 857 subcompressis‚
525 813 666 855 pappo
702 802 934 844 rufescenti
969 802 1258 854 pauciseriato
1298 802 1496 844 scabrido
1530 802 1817 845 caducissiino

110 861 287 904 achenio
315 861 387 902 vix
410 861 605 914 longiore
640 865 698 907 25.
741 860 985 902 Centaurea
1007 860 1185 902 radiata
1210 859 1254 902 L.
1283 860 1397 914 Syst.
1427 863 1524 904 656.
1561 886 1614 891 -
1648 862 1817 903 Xer-an-

110 919 302 962 themum
326 919 607 974 erucifolium
631 919 674 960 L.
702 919 774 973 Sp.
802 920 926 961 1021.

157 992 249 1029 Hah
282 994 323 1028 in
348 993 634 1040 campestribus
659 993 816 1028 Tauriae
835 992 972 1038 «MR,
992 993 1129 1039 Stevl),
1151 994 1403 1042 planitierum
1428 995 1478 1030 ad
1505 996 1812 1041 septentrionem

109 1040 275 1076 Caucasi
292 1040 442 1085 (MBt),
461 1039 625 1076 Ossetiae
645 1039 701 1084 (C.
721 1039 868 1085 Kochl)

154 1104 198 1140 In
227 1114 367 1150 genere
396 1104 669 1146 subanomala,
694 1104 790 1140 facie
816 1102 1048 1140 Centaureoe
1075 1105 1383 1152 myrz'ocephalce
1409 1106 1625 1148 simillima,
1648 1107 1814 1152 insignis

108 1162 242 1204 pappo
250 1151 455 1205 pauciseto
472 1152 732 1188 caducissimo
753 1154 791 1186 et
807 1151 957 1197 phyllis
980 1152 1131 1187 intimis
1149 1155 1193 1187 ut
1212 1153 1252 1187 in
1272 1152 1541 1189 Xeranthemo
1556 1154 1815 1199 radiantibus,

107 1199 262 1234 achenu
279 1199 411 1235 areola
430 1199 592 1235 omnino
610 1198 805 1234 basilaris.

153 1263 214 1299 Ar.
243 1262 378 1308 Geoqr.
406 1262 653 1303 Bessarabia,
671 1262 813 1298 Bossia
830 1261 1029 1306 australis³
1046 1261 1198 1300 ,Sibiria
1217 1262 1428 1298 Uralensis.

283 1391 649 1440 RHAPONTICUM
684 1391 802 1453 (lte.
832 1391 1009 1439 Dissert.
1045 1394 1146 1438 Anu.
1178 1391 1283 1440 Mus.
1315 1393 1413 1444 XVl,
1447 1407 1484 1454 p.
1516 1392 1637 1454 168).

165 1524 409 1578 Capilulum
448 1525 752 1577 homogamum
790 1524 916 1566 multi
950 1527 992 1566 et
1031 1524 1364 1578 aequalissorum.
1409 1525 1626 1568 Involucri
1664 1525 1814 1580 phylla

105 1582 651 1637 sanioso-appendiculam
663 1583 888 1626 imbricata
908 1583 1200 1637 pluriseriata.
1216 1583 1553 1638 Receptaculum
1568 1584 1807 1627 setiferuin.

104 1642 312 1686 Antherae
336 1642 428 1686 basi
445 1642 517 1684 vix
538 1642 895 1697 appendiculatae.
917 1641 1066 1696 Stylus
1085 1642 1272 1684 bilobus.
1293 1643 1482 1685 Achenia
1501 1643 1809 1696 subtelragona

104 1702 190 1744 hilo
213 1702 396 1754 laterali,
423 1701 566 1744 omnia
590 1714 795 1756 papposa.
825 1702 1001 1755 Pappus
1023 1701 1290 1743 barbellatus
1312 1702 1377 1743 vel
1398 1702 1624 1756 plumosus
1653 1703 1806 1755 longus

102 1761 411 1815 pluriscriatus
439 1760 684 1813 conformis,
712 1761 913 1803 seriebus
940 1760 1205 1803 indistinctis
1237 1760 1289 1802 ab
1326 1761 1520 1803 externis
1554 1762 1607 1803 ad
1630 1761 1804 1803 intimas

103 1820 266 1863 sensim
304 1820 454 1862 auctis.
489 1843 546 1849 —
577 1819 734 1863 Herbae
774 1831 993 1875 perennes
1031 1819 1230 1872 capitulis
1276 1820 1454 1873 magniS.
1501 1844 1554 1849 -
1594 1818 1743 1861 Genus
1783 1832 1805 1861 a

104 1878 380 1930 Phoeopappo
397 1879 598 1934 capitulis
618 1878 1103 1932 honiogamis,11cl1eniis
1120 1878 1354 1931 tetragonis
1373 1878 1634 1928 distinctum,
1654 1877 1806 1920 Serra-

102 1937 206 1979 taloe
225 1938 363 1990 magis
383 1939 508 1981 affine
534 1942 576 1981 et
595 1937 648 1980 ab
671 1939 721 1980 ea
744 1938 936 1981 acheniis
960 1937 1197 1990 tetragonis
1221 1940 1263 1979 et
1282 1937 1441 1991 phyllis
1466 1938 1625 1991 saepius
1643 1949 1804 1991 appen-

102 1995 302 2040 diculatis
327 1999 497 2040 tantum
523 1996 761 2040 diversum.

524 2126 543 2143 ¹*
567 2127 713 2174 Phylla
732 2127 910 2163 inermia.
940 2127 1100 2175 Pappus
1121 2125 1378 2162 bai-bellatus.

164 2239 198 2279 1.
232 2236 292 2279 R.
326 2235 646 2291 pulchrum
672 2236 832 2290 (Fiscli.
860 2238 903 2278 et
926 2234 1037 2288 Mey.
1062 2234 1155 2276 Ind.
1178 2234 1352 2286 Petrop.
1382 2231 1412 2282 Ι,
1438 2245 1475 2286 p.
1503 2231 1579 2286 36)
1603 2232 1799 2276 caulibus

98 2296 221 2338 elatis
243 2295 410 2338 foliosis
445 2295 716 2349 simplicibus
746 2294 827 2338 sub
864 2292 1349 2348 capitulo-incrassatis,
1389 2291 1499 2333 foliis
1530 2303 1662 2345 supra
1697 2292 1800 2333 viri·

98 2354 227 2397 dibus
253 2355 410 2398 subtus
435 2354 645 2409 adpresse
669 2352 1045 2397 albo-tomentosis
1072 2351 1356 2394 inferioribus
1391 2350 1607 2403 petiolatis
1637 2350 1677 2391 in
1706 2362 1798 2402 seg-

98 2416 242 2455 menta
265 2413 599 2466 ovato-oblonga
624 2413 779 2457 obtuse
806 2412 981 2455 dentata
1012 2411 1105 2453 basi
1133 2421 1248 2463 saepe
1280 2412 1502 2452 attenuata
1529 2409 1799 2463 pinuatipar-

97 2471 188 2515 titis
220 2473 420 2525 sectisve,
451 2471 563 2515 foliis
595 2471 900 2525 superioribus
929 2469 1055 2512 valde
1089 2468 1313 2512 diminutis
1341 2466 1582 2518 sessilibus‚
1611 2469 1797 2522 capitulo

99 2542 251 2585 magno
275 2531 451 2584 globoso
478 2531 570 2574 basi
598 2531 730 2584 nudo,
752 2530 969 2573 involucri
997 2528 1154 2582 phyllis
1180 2526 1427 2570 numerosis
1455 2526 1796 2582 membranaceis

96 2589 204 2632 albis
248 2590 478 2645 pellucidis
518 2589 857 2644 pubescentibus
895 2588 1034 2631 ovatis
1080 2586 1248 2629 obtusis
1296 2585 1477 2637 integris
1521 2584 1798 2635 inferioribus

95 2649 339 2702 praesertim
375 2649 601 2692 cucullatis
634 2648 985 2704 subsquarrosis‚
1017 2646 1211 2689 flosculis
1250 2644 1402 2693 roseis,
1446 2655 1584 2697 pappo
1620 2644 1797 2686 achenio

94 2710 318 2761 tetragono
338 2708 698 2763 sesquilongiore,
725 2707 870 2750 areola
895 2705 1159 2749 subbasilari
1194 2711 1254 2752 36.

141 2779 242 2816 Hah.
264 2781 305 2816 in
328 2780 497 2816 collibus
521 2780 643 2816 aridis
669 2780 864 2827 lapidosis
890 2783 928 2815 et
953 2778 1120 2825 rupibus
1149 2776 1313 2812 Caucasi
1343 2775 1460 2811 occid.
1490 2774 1540 2809 ad
1565 2773 1796 2826 Bortschom

94 2827 287 2873 (Raddel),
316 2828 477 2863 ditionis
501 2827 728 2875 Kaputscha
755 2827 1036 2872 Daghestaniae
1055 2825 1277 2860 Caucasicac
1309 2822 1356 2858 ad
1391 2822 1481 2857 lluv.
1503 2821 1663 2856 Beshito
1693 2819 1797 2873 4800'

92 2873 265 2921 (Ruprl),
286 2876 327 2910 in
346 2875 493 2911 ditione
513 2874 688 2920 Talysch
710 2884 831 2921 prope
850 2873 988 2909 Swant
1006 2872 1212 2917 (Hohenl),
1230 2871 1270 2905 in
1289 2869 1452 2916 alpibus
1471 2868 1633 2903 Ghilani
1652 2867 1795 2902 Persiae

93 2920 143 2956 ad
164 2931 349 2957 cacumen
370 2921 532 2968 Djuliek
554 2921 645 2957 Kuh
662 2921 803 2966 (Auch.
823 2921 964 2964 48451).

141 2983 188 3019 Bi
208 2987 246 3020 et
261 2985 463 3032 tripedale,
480 2984 575 3021 folia
591 2985 777 3021 radicalia
795 2983 1109 3031 semipedalia-et
1125 2981 1319 3026 longiora,
1336 2978 1547 3031 segmentis
1564 2962 1746 3024 pollicem
1761 2977 1798 3011 et

93 3030 264 3078 amplius
272 3031 649 3079 longis;oapitulum
662 3042 708 3068 eo
724 3031 768 3069 R.
784 3030 1076 3077 scariosz'paulo
1087 3030 1236 3073 minus3
1252 3037 1403 3075 pappus
1417 3028 1493 3061 tres
1505 3024 1672 3060 lineaslo
1683 3033 1797 3068 ngus.
