2066 3296
100 276 330 314 Centaurea.
827 282 1075 309 composwAE.
1737 264 1806 299 c61

99 356 439 412 pinnatiparlitis
467 356 642 398 rachide
667 356 909 406 lobulil'era‚
937 354 1138 408 capitulis
1156 351 1412 407 maJusculis
1440 348 1698 405 pedunculis
1717 346 1808 388 lon-

98 416 162 470 gis
190 415 320 458 nudis
338 415 541 467 suffultis
562 414 778 458 involucri
802 414 1006 468 puberuli
1031 412 1177 467 pallidi
1203 410 1363 465 phyllis
1382 410 1492 451 ciliis
1524 408 1674 451 validis
1697 404 1806 448 albis

99 473 491 529 pectinato-ciliatis
514 473 559 515 in
584 474 752 528 spinam
780 473 1060 516 lanceolatam
1090 469 1404 514 validissimam
1432 480 1568 522 supra
1592 464 1806 509 canalicu-

99 534 226 576 latam
251 532 489 575 lateraliter
512 532 779 585 spinulosam
797 531 1160 575 intermediorum
1183 528 1375 571 flosculis
1402 527 1539 569 roseis
1565 525 1804 578 longiorem

99 591 471 646 patulo-reflexam
500 590 776 642 abeuntibus,
807 590 996 633 acheniis
1019 588 1218 640 hirsutis,
1242 587 1372 641 pappi
1400 585 1662 628 rufescentis
1692 583 1806 625 serie

97 650 337 705 penultima
375 649 551 692 achenio
583 650 803 704 subduplo
840 649 1033 702 longiore
1069 647 1219 689 intima
1255 646 1432 688 achenio
1464 644 1709 698 aequilonga
1747 649 1805 688 236.

101 706 147 750 C.
174 707 453 761 erynyioides
480 721 573 750 var.
603 707 986 751 subarachnoiclea
1013 706 1155 749 Boiss.
1192 709 1235 748 et
1264 705 1411 747 Heldr.
1440 703 1592 756 Diagn.
1628 702 1719 745 Ser.
1753 701 1806 753 Π,

98 768 135 820 3,
164 780 203 821 p.
231 768 301 809 80.

95 839 478 932 (HHlaib.'{nFslaxJosis
503 840 672 886 Taygeti
698 843 734 876 et
761 840 907 876 montis
939 839 1095 876 Malevo
1119 838 1302 874 Laconiae
1328 838 1368 872 in
1392 837 1551 882 regione
1573 833 1807 870 intermedia

154 897 173 922 e
221 897 256 922 r.
281 916 286 922 .
360 916 364 920 .
411 897 474 922 un.

143 950 312 994 Pedalis‚
349 950 466 986 facies
497 950 668 997 capitula
705 950 742 987 C.
779 950 1064 998 carduz's'ormis
1095 952 1133 985 et
1166 949 1203 985 C.
1240 948 1479 995 erynyz'oz'dz's
1510 957 1580 993 pro
1612 950 1689 992 qua
1719 956 1806 981 eam

97 997 223 1033 habui
241 997 310 1033 sed
330 998 560 1033 indumento
579 998 758 1033 lanatulo
779 1001 815 1034 et
839 999 1057 1044 praesertim
1079 997 1200 1043 pappi
1218 997 1343 1031 multo
1364 995 1556 1039 longioris
1575 1004 1664 1029 cum
1694 994 1806 1029 ache-

99 1044 162 1080 nio
182 1045 434 1091 proportione
453 1045 502 1080 ab
522 1046 688 1091 utraque
707 1045 902 1081 distincta.
921 1045 1122 1080 Involucri
1140 1042 1266 1090 spinae
1284 1042 1373 1078 9-12
1391 1042 1517 1078 lineas
1535 1041 1678 1087 longae.

166 1179 257 1220 103.
294 1178 350 1222 C.
377 1177 599 1221 Achaia
625 1178 776 1230 (Roiss.
799 1180 842 1219 et
865 1177 1012 1220 Heldr.
1039 1177 1191 1229 Diagn.
1218 1175 1310 1218 Ser.
1343 1174 1395 1226 ΙΙ,
1423 1175 1461 1226 3,
1487 1187 1527 1228 p.
1555 1172 1628 1228 79)
1649 1173 1806 1226 pallide

100 1238 247 1280 virens
274 1237 484 1290 adpresse
510 1249 718 1280 araneosa
754 1237 820 1278 vel
855 1236 1063 1289 glabreta,
1094 1235 1291 1279 caulibus
1325 1233 1541 1287 angulatis
1580 1233 1730 1274 stricte
1764 1236 1807 1275 et

101 1297 340 1340 dichotome
366 1295 648 1349 corymbosis‚
670 1295 778 1338 l'oliis
801 1296 1006 1337 coriaceis
1029 1293 1298 1349 punctulatis
1325 1292 1527 1335 elevatim
1553 1291 1804 1333 nervulosis

99 1355 262 1398 infimis
295 1355 365 1396 1-2
392 1354 587 1407 oblongis
616 1354 819 1396 indivisis
849 1355 916 1397 vel
947 1354 1098 1408 lyralis
1126 1353 1293 1395 caeteris
1318 1353 1362 1393 in
1391 1351 1568 1394 lacinias
1599 1350 1806 1402 oblongas

100 1414 166 1457 vel
183 1414 440 1456 lanceolaias
458 1413 650 1466 integras
669 1413 866 1455 dentatas
887 1413 956 1456 vel
983 1412 1334 1467 pinnatipartitas
1357 1423 1484 1453 secus
1506 1412 1667 1452 costam
1689 1420 1805 1463 saepe

100 1472 383 1515 decurrentes
410 1472 724 1526 pinnatisectis,
750 1471 952 1526 capitulis
974 1471 1227 1525 majusculis
1252 1470 1499 1525 pedunculo
1527 1481 1655 1522 parce
1684 1468 1806 1509 folio-

98 1532 188 1574 loso
215 1530 408 1573 suffultis
432 1531 584 1582 ovatis,
606 1530 821 1573 involucri
849 1531 1010 1584 phyllis
1030 1530 1194 1582 glabris
1220 1529 1371 1572 nitidis
1399 1527 1575 1571 omnino
1600 1526 1803 1569 scariosis

98 1588 303 1633 coriaceis
317 1589 597 1632 circumcirca
612 1590 736 1643 longe
755 1588 1146 1643 pectinato-ciliatis
1161 1588 1443 1630 inferioribus
1457 1585 1804 1629 ovato-rotundis

99 1648 221 1703 spina
238 1648 363 1691 brevi
380 1648 565 1702 abrupte
579 1648 837 1701 terminatis,
857 1647 1132 1690 intermediis
1152 1648 1194 1689 in
1215 1647 1386 1702 spinam
1406 1645 1660 1688 latissimam
1681 1656 1805 1686 catia-

100 1707 312 1750 liculatam
337 1707 694 1760 erecto-patulam
712 1707 883 1750 inferne
905 1706 1130 1750 interdum
1152 1718 1280 1760 parce
1308 1705 1577 1759 spinulosam
1599 1703 1805 1746 flosculos

99 1778 248 1809 roseos
272 1766 601 1820 subaequantem
634 1769 708 1809 aut
735 1777 808 1809 eos
834 1769 1119 1821 superantem
1149 1765 1314 1808 sensim
1340 1763 1618 1815 abeuntibus,
1643 1762 1803 1816 phyllis

99 1824 262 1868 intimis
278 1826 399 1878 apice
418 1824 644 1867 cucullatis
663 1824 892 1868 fimbriatis
904 1824 1161 1873 inermibus,
1177 1824 1367 1867 acheniis
1383 1823 1523 1866 ovatis
1538 1820 1804 1875 compressis

97 1883 307 1938 adpresse
339 1883 537 1931 hirsutis,
568 1885 698 1937 pappi
727 1883 892 1926 sordidi
921 1883 1036 1926 serie
1060 1883 1321 1926 intermedia
1346 1882 1524 1925 achenio
1553 1881 1683 1935 triplo
1713 1879 1803 1921 lon-

97 1942 239 1995 giore,
276 1942 429 1985 intima
466 1943 643 1986 achenio
668 1943 912 1997 aequilonga
938 1948 973 1991 2:
989 1975 997 1983 .
1024 1942 1064 1985 C.
1094 1941 1374 1995 eryngioicles
1396 1941 1459 1983 Fl.
1489 1939 1562 1982 Gr.
1599 1939 1681 1981 tab.
1718 1939 1803 1979 913

97 2013 149 2042 an
175 2001 294 2043 Lam.

142 2074 246 2109 Hab.
267 2077 307 2110 in
333 2075 478 2111 vinetis
505 2075 643 2110 Atticae
665 2085 786 2121 prope
810 2074 987 2111 Mesoitis
1007 2075 1195 2121 (Heler,
1215 2076 1255 2111 in
1275 2078 1406 2111 monte
1429 2074 1616 2111 Chelmos
1643 2071 1804 2108 Achaiae

99 2120 274 2167 (Heldrl)
292 2122 421 2158 forma
438 2122 564 2169 spinis
577 2122 830 2158 brevioribus
850 2125 888 2158 et
905 2123 1038 2158 minus
1060 2123 1215 2159 validis.

153 2185 485 2288 lssdsubmutica.
517 2210 574 2217 —-
612 2186 870 2241 Phyllorum
899 2188 1024 2242 spina
1052 2189 1201 2230 brevis
1229 2187 1338 2231 ciliis
1365 2187 1618 2229 lateralibus
1646 2197 1802 2239 parum

97 2256 177 2287 vai
215 2257 293 2288 ior.

142 2318 245 2353 Hah.
266 2318 308 2354 in
327 2319 472 2355 vinetis
492 2319 676 2356 Soudena
693 2319 742 2356 ad
766 2319 916 2356 radices
935 2320 1082 2355 montis
1102 2320 1289 2356 Chelmos
1309 2319 1469 2355 Achaiae
1489 2317 1593 2355 4500’
1615 2317 1803 2362 (Heldrl).

155 2410 193 2451 y.
237 2390 530 2434 Corinthiam.
583 2418 634 2423 —
680 2393 842 2444 Minor,
877 2393 1078 2436 foliorum
1120 2397 1342 2447 segmenta
1384 2393 1552 2435 minuta
1592 2392 1802 2445 oblongo-

97 2449 284 2551 linearia1
293 2451 674 2532 gpproximata.—
692 2451 731 2495 C.
756 2450 1039 2495 Corinthiam
1060 2453 1204 2496 Boiss.
1229 2456 1271 2495 et
1293 2452 1442 2495 Heldr.
1460 2452 1610 2505 Diagn.
1637 2450 1730 2493 Ser.
1746 2449 1803 2501 ΙΙ,

127 2542 136 2550 ι
195 2542 203 2550 ι
292 2533 333 2551 u.

127 2521 245 2618 Ifah.
263 2582 305 2617 in
322 2581 473 2619 Isthmo
492 2584 744 2621 Corinthiaco
764 2584 928 2631 (Samar.
949 2587 986 2620 et
1003 2584 1125 2621 Guicc
1137 2586 1163 2629 l)

144 2644 301 2698 Redalis
321 2648 358 2681 et
375 2646 582 2693 bipedalis,
606 2648 755 2694 species
773 2647 940 2694 pulchra
958 2658 982 2683 a
1002 2646 1038 2684 C.
1052 2646 1330 2693 cardueformi,
1345 2643 1547 2682 Laconica
1565 2647 1602 2680 et
1615 2645 1804 2681 affinibus

104 2689 410 2745 foliis-nervosis
434 2693 570 2739 firmiS‚
588 2694 794 2730 involucro
813 2694 931 2730 valde
952 2694 1134 2739 coriaceo,
1154 2693 1329 2729 acheniis
1352 2693 1596 2729 abbreviatis
1620 2694 1658 2728 et
1680 2693 1803 2739 pappi

98 2746 197 2774 εει-ιθ
215 2740 448 2776 mtermedia
465 2740 648 2786 elongata
663 2741 687 2777 5
707 2740 834 2777 lineas
858 2741 977 2787 longa
997 2741 1190 2778 distincta.
1208 2740 1300 2776 Icon
1319 2741 1445 2776 Florae
1465 2740 1613 2776 Graecae
1631 2740 1803 2775 formam

96 2782 410 2833 longispinosam
427 2787 574 2834 optime
593 2788 763 2824 exhibet.

159 2915 255 2958 104.
286 2915 339 2960 C.
365 2915 741 2971 Guicciardii,
765 2929 896 2973 parce
919 2921 960 2961 et
977 2918 1169 2972 crispule
1187 2918 1433 2972 pubescens
1451 2916 1612 2972 pallide
1634 2917 1800 2970 virens,

98 2973 217 3015 caule
245 2974 540 3018 crassiusculo
570 2976 716 3020 foliato
744 2977 1284 3031 paniculato-corymboso,
1309 2976 1421 3019 soliis
1445 2975 1599 3028 firmis,
1622 2976 1801 3018 inferio-

96 3030 218 3075 ribus
247 3033 466 3087 petiolatis
492 3034 647 3089 lyratis
674 3038 897 3089 segmento
924 3035 1144 3078 terminali
1169 3037 1296 3079 ovato
1322 3034 1577 3077 lateralibus
1601 3034 1801 3088 oblongis
