<?xml version="1.0" encoding="UTF-8"?>
<!DOCTYPE html PUBLIC "-//W3C//DTD XHTML 1.0 Transitional//EN"
    "http://www.w3.org/TR/xhtml1/DTD/xhtml1-transitional.dtd">
<html xmlns="http://www.w3.org/1999/xhtml" xml:lang="en" lang="en">
 <head>
  <title>
</title>
<meta http-equiv="Content-Type" content="text/html;charset=utf-8" />
  <meta name='ocr-system' content='tesseract 3.04.00' />
  <meta name='ocr-capabilities' content='ocr_page ocr_carea ocr_par ocr_line ocrx_word'/>
</head>
<body>
  <div class='ocr_page' id='page_1' title='image "./floraorientaliss03bois_0328.png"; bbox 0 0 2090 3236; ppageno 0'>
   <div class='ocr_carea' id='block_1_1' title="bbox 273 171 1992 227">
    <p class='ocr_par' dir='ltr' id='par_1_1' title="bbox 273 171 1992 227">
     <span class='ocr_line' id='line_1_1' title="bbox 273 171 1992 227; baseline 0.005 -19"><span class='ocrx_word' id='word_1_1' title='bbox 273 171 347 208; x_wconf 81' lang='lat'>242</span> <span class='ocrx_word' id='word_1_2' title='bbox 1008 183 1253 209; x_wconf 68' lang='lat' dir='ltr'>conposrrAE.</span> <span class='ocrx_word' id='word_1_3' title='bbox 1766 177 1992 227; x_wconf 66' lang='lat' dir='ltr'>Micropus-</span> 
     </span>
    </p>
   </div>
   <div class='ocr_carea' id='block_1_2' title="bbox 271 253 1997 397">
    <p class='ocr_par' dir='ltr' id='par_1_2' title="bbox 271 253 1997 397">
     <span class='ocr_line' id='line_1_2' title="bbox 320 253 1997 303; baseline 0.004 -13"><span class='ocrx_word' id='word_1_4' title='bbox 320 253 424 290; x_wconf 85' lang='lat' dir='ltr'>Hah.</span> <span class='ocrx_word' id='word_1_5' title='bbox 458 254 499 290; x_wconf 92' lang='lat' dir='ltr'>in</span> <span class='ocrx_word' id='word_1_6' title='bbox 528 254 641 291; x_wconf 85' lang='lat' dir='ltr'>siccis</span> <span class='ocrx_word' id='word_1_7' title='bbox 677 254 849 300; x_wconf 77' lang='lat' dir='ltr'>regionis</span> <span class='ocrx_word' id='word_1_8' title='bbox 883 254 1096 301; x_wconf 87' lang='lat' dir='ltr'>superioris</span> <span class='ocrx_word' id='word_1_9' title='bbox 1129 255 1275 290; x_wconf 84' lang='lat' dir='ltr'>montis</span> <span class='ocrx_word' id='word_1_10' title='bbox 1309 254 1457 291; x_wconf 86' lang='lat' dir='ltr'>Kerata</span> <span class='ocrx_word' id='word_1_11' title='bbox 1486 265 1609 303; x_wconf 83' lang='lat' dir='ltr'>prope</span> <span class='ocrx_word' id='word_1_12' title='bbox 1645 255 1810 293; x_wconf 82' lang='lat' dir='ltr'>Eleusin</span> <span class='ocrx_word' id='word_1_13' title='bbox 1848 261 1997 298; x_wconf 79' lang='lat' dir='ltr'>Atticae</span> 
     </span>
     <span class='ocr_line' id='line_1_3' title="bbox 272 301 1987 350; baseline 0.003 -13"><span class='ocrx_word' id='word_1_14' title='bbox 272 301 467 346; x_wconf 78' lang='lat' dir='ltr'>(Heldrl),</span> <span class='ocrx_word' id='word_1_15' title='bbox 486 302 666 348; x_wconf 83' lang='lat' dir='ltr'>Smyrnae</span> <span class='ocrx_word' id='word_1_16' title='bbox 680 301 769 346; x_wconf 81' lang='lat' dir='ltr'>(Bal</span> <span class='ocrx_word' id='word_1_17' title='bbox 783 303 820 346; x_wconf 89' lang='lat' dir='ltr'>l),</span> <span class='ocrx_word' id='word_1_18' title='bbox 852 301 977 347; x_wconf 69' lang='lat' dir='ltr'>Syri-&lt;e</span> <span class='ocrx_word' id='word_1_19' title='bbox 1004 311 1123 348; x_wconf 83' lang='lat' dir='ltr'>prope</span> <span class='ocrx_word' id='word_1_20' title='bbox 1156 301 1309 348; x_wconf 86' lang='lat' dir='ltr'>Aleppo</span> <span class='ocrx_word' id='word_1_21' title='bbox 1341 302 1434 348; x_wconf 83' lang='lat' dir='ltr'>(Ky.</span> <span class='ocrx_word' id='word_1_22' title='bbox 1453 302 1568 348; x_wconf 64' lang='lat' dir='ltr'>zm).</span> <span class='ocrx_word' id='word_1_23' title='bbox 1589 314 1711 350; x_wconf 81' lang='lat' dir='ltr'>prope</span> <span class='ocrx_word' id='word_1_24' title='bbox 1730 304 1987 344; x_wconf 77' lang='lat' dir='ltr'>Tcharmelik</span> 
     </span>
     <span class='ocr_line' id='line_1_4' title="bbox 271 348 1774 397; baseline 0.001 -12"><span class='ocrx_word' id='word_1_25' title='bbox 271 348 570 395; x_wconf 82' lang='lat' dir='ltr'>Mesopotamiae</span> <span class='ocrx_word' id='word_1_26' title='bbox 588 348 814 393; x_wconf 60' lang='lat' dir='ltr'>(Hausst</span> <span class='ocrx_word' id='word_1_27' title='bbox 834 350 873 384; x_wconf 92' lang='lat' dir='ltr'>in</span> <span class='ocrx_word' id='word_1_28' title='bbox 890 351 1023 384; x_wconf 89' lang='lat' dir='ltr'>monte</span> <span class='ocrx_word' id='word_1_29' title='bbox 1044 348 1166 384; x_wconf 88' lang='lat' dir='ltr'>Gebel</span> <span class='ocrx_word' id='word_1_30' title='bbox 1188 349 1304 384; x_wconf 81' lang='lat' dir='ltr'>Belas</span> <span class='ocrx_word' id='word_1_31' title='bbox 1324 348 1469 385; x_wconf 81' lang='lat' dir='ltr'><strong>deserti</strong></span> <span class='ocrx_word' id='word_1_32' title='bbox 1486 350 1636 396; x_wconf 83' lang='lat' dir='ltr'><strong>Syriaci</strong></span> <span class='ocrx_word' id='word_1_33' title='bbox 1654 351 1722 396; x_wconf 84' lang='lat' dir='ltr'>(Bl</span> <span class='ocrx_word' id='word_1_34' title='bbox 1736 354 1774 397; x_wconf 82' lang='lat' dir='ltr'>l).</span> 
     </span>
    </p>
   </div>
   <div class='ocr_carea' id='block_1_3' title="bbox 269 411 1991 506">
    <p class='ocr_par' dir='ltr' id='par_1_3' title="bbox 269 411 1991 506">
     <span class='ocr_line' id='line_1_5' title="bbox 322 411 1991 462; baseline 0.004 -15"><span class='ocrx_word' id='word_1_35' title='bbox 322 411 444 448; x_wconf 86' lang='lat' dir='ltr'>Valde</span> <span class='ocrx_word' id='word_1_36' title='bbox 462 412 591 447; x_wconf 85' lang='lat' dir='ltr'>affinis</span> <span class='ocrx_word' id='word_1_37' title='bbox 611 412 664 448; x_wconf 90' lang='lat' dir='ltr'>M.</span> <span class='ocrx_word' id='word_1_38' title='bbox 684 416 811 448; x_wconf 80' lang='lat' dir='ltr'>erecto</span> <span class='ocrx_word' id='word_1_39' title='bbox 827 423 849 447; x_wconf 88' lang='lat' dir='ltr'>a</span> <span class='ocrx_word' id='word_1_40' title='bbox 864 423 942 459; x_wconf 87' lang='lat' dir='ltr'>quo</span> <span class='ocrx_word' id='word_1_41' title='bbox 960 415 1092 448; x_wconf 77' lang='lat' dir='ltr'>tamen</span> <span class='ocrx_word' id='word_1_42' title='bbox 1112 413 1268 449; x_wconf 83' lang='lat' dir='ltr'>differre</span> <span class='ocrx_word' id='word_1_43' title='bbox 1288 413 1444 448; x_wconf 89' lang='lat' dir='ltr'>videtur</span> <span class='ocrx_word' id='word_1_44' title='bbox 1461 413 1569 450; x_wconf 84' lang='lat' dir='ltr'>foliis</span> <span class='ocrx_word' id='word_1_45' title='bbox 1588 425 1667 450; x_wconf 93' lang='lat' dir='ltr'>non</span> <span class='ocrx_word' id='word_1_46' title='bbox 1685 416 1900 462; x_wconf 79' lang='lat' dir='ltr'>undulatis‚</span> <span class='ocrx_word' id='word_1_47' title='bbox 1921 417 1991 454; x_wconf 87' lang='lat' dir='ltr'>flo-</span> 
     </span>
     <span class='ocr_line' id='line_1_6' title="bbox 269 457 1543 506; baseline 0.002 -11"><span class='ocrx_word' id='word_1_48' title='bbox 269 457 423 496; x_wconf 81' lang='lat' dir='ltr'>ralibus</span> <span class='ocrx_word' id='word_1_49' title='bbox 443 460 704 504; x_wconf 86' lang='lat' dir='ltr'>brevioribus,</span> <span class='ocrx_word' id='word_1_50' title='bbox 726 460 818 496; x_wconf 75' lang='lat' dir='ltr'>lana</span> <span class='ocrx_word' id='word_1_51' title='bbox 836 460 1149 505; x_wconf 83' lang='lat' dir='ltr'>glomerulorum</span> <span class='ocrx_word' id='word_1_52' title='bbox 1166 461 1378 506; x_wconf 78' lang='lat' dir='ltr'>copiosiori</span> <span class='ocrx_word' id='word_1_53' title='bbox 1395 460 1543 497; x_wconf 71' lang='lat' dir='ltr'>inflata.</span> 
     </span>
    </p>
   </div>
   <div class='ocr_carea' id='block_1_4' title="bbox 318 521 1490 569">
    <p class='ocr_par' dir='ltr' id='par_1_4' title="bbox 318 521 1490 569">
     <span class='ocr_line' id='line_1_7' title="bbox 318 521 1490 569; baseline 0.001 -11"><span class='ocrx_word' id='word_1_54' title='bbox 318 522 383 558; x_wconf 75' lang='lat' dir='ltr'>Ar.</span> <span class='ocrx_word' id='word_1_55' title='bbox 403 522 538 568; x_wconf 72' lang='lat' dir='ltr'>Geogr.</span> <span class='ocrx_word' id='word_1_56' title='bbox 567 522 773 569; x_wconf 75' lang='lat' dir='ltr'>Hispania,</span> <span class='ocrx_word' id='word_1_57' title='bbox 792 522 926 559; x_wconf 84' lang='lat' dir='ltr'>Gallia</span> <span class='ocrx_word' id='word_1_58' title='bbox 946 521 1144 566; x_wconf 81' lang='lat' dir='ltr'>australis,</span> <span class='ocrx_word' id='word_1_59' title='bbox 1162 523 1294 559; x_wconf 79' lang='lat' dir='ltr'>Africa</span> <span class='ocrx_word' id='word_1_60' title='bbox 1308 524 1490 560; x_wconf 86' lang='lat' dir='ltr'>borealis.</span> 
     </span>
    </p>
   </div>
   <div class='ocr_carea' id='block_1_5' title="bbox 264 637 1993 988">
    <p class='ocr_par' dir='ltr' id='par_1_5' title="bbox 264 637 1993 988">
     <span class='ocr_line' id='line_1_8' title="bbox 331 637 1986 694; baseline 0.004 -14"><span class='ocrx_word' id='word_1_61' title='bbox 331 639 370 680; x_wconf 83' lang='lat'>3.</span> <span class='ocrx_word' id='word_1_62' title='bbox 404 638 475 681; x_wconf 91' lang='grc' dir='ltr'>Μ.</span> <span class='ocrx_word' id='word_1_63' title='bbox 515 637 866 693; x_wconf 74' lang='lat' dir='ltr'>lonqifolius</span> <span class='ocrx_word' id='word_1_64' title='bbox 887 638 1060 692; x_wconf 61' lang='lat' dir='ltr'>(Boiss.</span> <span class='ocrx_word' id='word_1_65' title='bbox 1085 641 1128 681; x_wconf 86' lang='lat' dir='ltr'>et</span> <span class='ocrx_word' id='word_1_66' title='bbox 1152 638 1302 694; x_wconf 85' lang='lat' dir='ltr'>Reut.)</span> <span class='ocrx_word' id='word_1_67' title='bbox 1335 641 1434 682; x_wconf 76' lang='lat' dir='ltr'>lana</span> <span class='ocrx_word' id='word_1_68' title='bbox 1461 639 1821 693; x_wconf 81' lang='lat' dir='ltr'>adpressiuscula</span> <span class='ocrx_word' id='word_1_69' title='bbox 1859 642 1986 686; x_wconf 87' lang='lat' dir='ltr'>brevi</span> 
     </span>
     <span class='ocr_line' id='line_1_9' title="bbox 267 697 1988 756; baseline 0.003 -17"><span class='ocrx_word' id='word_1_70' title='bbox 267 697 321 739; x_wconf 87' lang='lat' dir='ltr'>ad</span> <span class='ocrx_word' id='word_1_71' title='bbox 348 698 614 751; x_wconf 69' lang='lat' dir='ltr'>glomer-ulos</span> <span class='ocrx_word' id='word_1_72' title='bbox 651 698 801 739; x_wconf 77' lang='lat' dir='ltr'>inflata</span> <span class='ocrx_word' id='word_1_73' title='bbox 838 698 1009 741; x_wconf 74' lang='lat' dir='ltr'>obsitus</span> <span class='ocrx_word' id='word_1_74' title='bbox 1043 710 1067 738; x_wconf 84' lang='lat' dir='ltr'>a</span> <span class='ocrx_word' id='word_1_75' title='bbox 1100 697 1211 740; x_wconf 82' lang='lat' dir='ltr'>eollo</span> <span class='ocrx_word' id='word_1_76' title='bbox 1251 698 1397 751; x_wconf 78' lang='lat' dir='ltr'>patule</span> <span class='ocrx_word' id='word_1_77' title='bbox 1434 710 1648 750; x_wconf 59' lang='lat' dir='ltr'>ramosus„</span> <span class='ocrx_word' id='word_1_78' title='bbox 1691 700 1803 743; x_wconf 83' lang='lat' dir='ltr'>foliis</span> <span class='ocrx_word' id='word_1_79' title='bbox 1846 702 1988 756; x_wconf 84' lang='lat' dir='ltr'>longis</span> 
     </span>
     <span class='ocr_line' id='line_1_10' title="bbox 267 756 1987 814; baseline 0.003 -16"><span class='ocrx_word' id='word_1_80' title='bbox 267 756 510 799; x_wconf 79' lang='lat' dir='ltr'>linearibus</span> <span class='ocrx_word' id='word_1_81' title='bbox 538 757 819 800; x_wconf 85' lang='lat' dir='ltr'>acutiusculis</span> <span class='ocrx_word' id='word_1_82' title='bbox 855 756 995 811; x_wconf 73' lang='lat' dir='ltr'>planis</span> <span class='ocrx_word' id='word_1_83' title='bbox 1034 756 1259 799; x_wconf 83' lang='lat' dir='ltr'>floralibus</span> <span class='ocrx_word' id='word_1_84' title='bbox 1285 759 1553 811; x_wconf 80' lang='lat' dir='ltr'>glomerulos</span> <span class='ocrx_word' id='word_1_85' title='bbox 1580 759 1704 800; x_wconf 83' lang='lat' dir='ltr'>valde</span> <span class='ocrx_word' id='word_1_86' title='bbox 1737 761 1987 814; x_wconf 83' lang='lat' dir='ltr'>superanti-</span> 
     </span>
     <span class='ocr_line' id='line_1_11' title="bbox 266 814 1993 872; baseline 0.004 -16"><span class='ocrx_word' id='word_1_87' title='bbox 266 814 367 864; x_wconf 85' lang='lat' dir='ltr'>bus.</span> <span class='ocrx_word' id='word_1_88' title='bbox 393 815 608 858; x_wconf 76' lang='lat' dir='ltr'>involucri</span> <span class='ocrx_word' id='word_1_89' title='bbox 632 815 792 871; x_wconf 80' lang='lat' dir='ltr'>phyllis</span> <span class='ocrx_word' id='word_1_90' title='bbox 818 816 1006 859; x_wconf 77' lang='lat' dir='ltr'>foliaceis</span> <span class='ocrx_word' id='word_1_91' title='bbox 1030 816 1480 869; x_wconf 81' lang='lat' dir='ltr'>oblongo-linearibus</span> <span class='ocrx_word' id='word_1_92' title='bbox 1505 817 1690 870; x_wconf 83' lang='lat' dir='ltr'>obtusis,</span> <span class='ocrx_word' id='word_1_93' title='bbox 1718 820 1855 872; x_wconf 80' lang='lat' dir='ltr'>paleis</span> <span class='ocrx_word' id='word_1_94' title='bbox 1876 819 1993 863; x_wconf 82' lang='lat' dir='ltr'>fruc-</span> 
     </span>
     <span class='ocr_line' id='line_1_12' title="bbox 264 874 1988 922; baseline 0.003 -6"><span class='ocrx_word' id='word_1_95' title='bbox 264 874 408 917; x_wconf 84' lang='lat' dir='ltr'>tileris</span> <span class='ocrx_word' id='word_1_96' title='bbox 429 875 597 917; x_wconf 82' lang='lat' dir='ltr'>teneris</span> <span class='ocrx_word' id='word_1_97' title='bbox 620 875 864 918; x_wconf 79' lang='lat' dir='ltr'>inermibus</span> <span class='ocrx_word' id='word_1_98' title='bbox 890 875 1026 917; x_wconf 85' lang='lat' dir='ltr'>dense</span> <span class='ocrx_word' id='word_1_99' title='bbox 1046 875 1200 918; x_wconf 84' lang='lat' dir='ltr'>lanatis</span> <span class='ocrx_word' id='word_1_100' title='bbox 1225 876 1614 919; x_wconf 74' lang='lat' dir='ltr'>semicirculariter</span> <span class='ocrx_word' id='word_1_101' title='bbox 1638 876 1834 920; x_wconf 86' lang='lat' dir='ltr'>incurvis</span> <span class='ocrx_word' id='word_1_102' title='bbox 1854 878 1988 922; x_wconf 85' lang='lat' dir='ltr'>dorso</span> 
     </span>
     <span class='ocr_line' id='line_1_13' title="bbox 267 932 1095 988; baseline 0 -13"><span class='ocrx_word' id='word_1_103' title='bbox 267 945 355 977; x_wconf 88' lang='lat' dir='ltr'>non</span> <span class='ocrx_word' id='word_1_104' title='bbox 377 932 556 988; x_wconf 84' lang='lat' dir='ltr'>gibboso</span> <span class='ocrx_word' id='word_1_105' title='bbox 581 935 758 977; x_wconf 83' lang='lat' dir='ltr'>rostello</span> <span class='ocrx_word' id='word_1_106' title='bbox 784 935 1000 977; x_wconf 78' lang='lat' dir='ltr'>terminali</span> <span class='ocrx_word' id='word_1_107' title='bbox 1030 937 1095 985; x_wconf 74' lang='grc' dir='ltr'>Θ.</span> 
     </span>
    </p>
   </div>
   <div class='ocr_carea' id='block_1_6' title="bbox 262 1007 1984 1292">
    <p class='ocr_par' dir='ltr' id='par_1_6' title="bbox 262 1007 1984 1278">
     <span class='ocr_line' id='line_1_14' title="bbox 311 1007 1983 1056; baseline 0.002 -13"><span class='ocrx_word' id='word_1_108' title='bbox 311 1007 417 1043; x_wconf 87' lang='lat' dir='ltr'>Hab.</span> <span class='ocrx_word' id='word_1_109' title='bbox 437 1008 477 1043; x_wconf 86' lang='lat' dir='ltr'>in</span> <span class='ocrx_word' id='word_1_110' title='bbox 496 1008 651 1043; x_wconf 79' lang='lat' dir='ltr'>saxosis</span> <span class='ocrx_word' id='word_1_111' title='bbox 669 1008 827 1043; x_wconf 86' lang='lat' dir='ltr'>collinis</span> <span class='ocrx_word' id='word_1_112' title='bbox 849 1012 885 1044; x_wconf 88' lang='lat' dir='ltr'>et</span> <span class='ocrx_word' id='word_1_113' title='bbox 903 1010 1007 1054; x_wconf 73' lang='lat' dir='ltr'>agris</span> <span class='ocrx_word' id='word_1_114' title='bbox 1025 1008 1227 1045; x_wconf 85' lang='lat' dir='ltr'>sterilibus</span> <span class='ocrx_word' id='word_1_115' title='bbox 1245 1009 1432 1056; x_wconf 78' lang='lat' dir='ltr'>Phrygiae</span> <span class='ocrx_word' id='word_1_116' title='bbox 1458 1009 1509 1045; x_wconf 84' lang='lat' dir='ltr'>ad</span> <span class='ocrx_word' id='word_1_117' title='bbox 1538 1009 1719 1056; x_wconf 77' lang='lat' dir='ltr'>Bulghas</span> <span class='ocrx_word' id='word_1_118' title='bbox 1751 1011 1851 1047; x_wconf 83' lang='lat' dir='ltr'>Keui</span> <span class='ocrx_word' id='word_1_119' title='bbox 1877 1012 1983 1056; x_wconf 88' lang='lat' dir='ltr'>(Bal.</span> 
     </span>
     <span class='ocr_line' id='line_1_15' title="bbox 263 1053 1984 1102; baseline 0.003 -12"><span class='ocrx_word' id='word_1_120' title='bbox 263 1053 405 1100; x_wconf 69' lang='lat'>12732),</span> <span class='ocrx_word' id='word_1_121' title='bbox 423 1055 547 1100; x_wconf 56' lang='lat' dir='ltr'>Syriass¹</span> <span class='ocrx_word' id='word_1_122' title='bbox 567 1056 617 1092; x_wconf 86' lang='lat' dir='ltr'>ad</span> <span class='ocrx_word' id='word_1_123' title='bbox 636 1056 790 1102; x_wconf 81' lang='lat' dir='ltr'>Aleppo</span> <span class='ocrx_word' id='word_1_124' title='bbox 808 1055 1008 1100; x_wconf 81' lang='lat' dir='ltr'>(Hausskl</span> <span class='ocrx_word' id='word_1_125' title='bbox 1028 1055 1101 1100; x_wconf 86' lang='lat' dir='ltr'>Ky.</span> <span class='ocrx_word' id='word_1_126' title='bbox 1123 1056 1209 1091; x_wconf 71' lang='lat'>192!</span> <span class='ocrx_word' id='word_1_127' title='bbox 1228 1058 1302 1091; x_wconf 80' lang='lat' dir='ltr'>sub</span> <span class='ocrx_word' id='word_1_128' title='bbox 1321 1056 1374 1092; x_wconf 91' lang='lat' dir='ltr'>M.</span> <span class='ocrx_word' id='word_1_129' title='bbox 1394 1061 1521 1093; x_wconf 79' lang='lat' dir='ltr'>erecto</span> <span class='ocrx_word' id='word_1_130' title='bbox 1540 1060 1640 1102; x_wconf 84' lang='lat' dir='ltr'>var.)</span> <span class='ocrx_word' id='word_1_131' title='bbox 1660 1057 1709 1093; x_wconf 90' lang='lat' dir='ltr'>ad</span> <span class='ocrx_word' id='word_1_132' title='bbox 1726 1058 1873 1094; x_wconf 84' lang='lat' dir='ltr'>Aintah</span> <span class='ocrx_word' id='word_1_133' title='bbox 1891 1062 1928 1095; x_wconf 87' lang='lat' dir='ltr'>et</span> <span class='ocrx_word' id='word_1_134' title='bbox 1942 1060 1984 1097; x_wconf 91' lang='lat' dir='ltr'>in</span> 
     </span>
     <span class='ocr_line' id='line_1_16' title="bbox 264 1100 1980 1151; baseline 0.003 -14"><span class='ocrx_word' id='word_1_135' title='bbox 264 1100 555 1150; x_wconf 79' lang='lat' dir='ltr'>Mesopotamia</span> <span class='ocrx_word' id='word_1_136' title='bbox 572 1107 609 1139; x_wconf 88' lang='lat' dir='ltr'>et</span> <span class='ocrx_word' id='word_1_137' title='bbox 634 1104 800 1149; x_wconf 68' lang='lat' dir='ltr'>Assyria</span> <span class='ocrx_word' id='word_1_138' title='bbox 818 1103 1005 1149; x_wconf 84' lang='lat' dir='ltr'>vulgatus</span> <span class='ocrx_word' id='word_1_139' title='bbox 1031 1102 1257 1148; x_wconf 64' lang='lat' dir='ltr'>(Hausskl),</span> <span class='ocrx_word' id='word_1_140' title='bbox 1285 1105 1472 1140; x_wconf 84' lang='lat' dir='ltr'>Damasci</span> <span class='ocrx_word' id='word_1_141' title='bbox 1492 1115 1613 1151; x_wconf 84' lang='lat' dir='ltr'>supra</span> <span class='ocrx_word' id='word_1_142' title='bbox 1631 1104 1820 1151; x_wconf 82' lang='lat' dir='ltr'>Saknaya</span> <span class='ocrx_word' id='word_1_143' title='bbox 1841 1106 1980 1150; x_wconf 80' lang='lat' dir='ltr'>(Gaill.</span> 
     </span>
     <span class='ocr_line' id='line_1_17' title="bbox 264 1148 1980 1198; baseline 0.002 -13"><span class='ocrx_word' id='word_1_144' title='bbox 264 1148 407 1195; x_wconf 72' lang='lat'>18921)‚</span> <span class='ocrx_word' id='word_1_145' title='bbox 438 1150 574 1186; x_wconf 76' lang='lat' dir='ltr'>Persia</span> <span class='ocrx_word' id='word_1_146' title='bbox 604 1150 687 1186; x_wconf 86' lang='lat' dir='ltr'>bor.</span> <span class='ocrx_word' id='word_1_147' title='bbox 719 1152 854 1186; x_wconf 51' lang='lat' dir='ltr'>orient.</span> <span class='ocrx_word' id='word_1_148' title='bbox 886 1151 925 1185; x_wconf 89' lang='lat' dir='ltr'>in</span> <span class='ocrx_word' id='word_1_149' title='bbox 956 1151 1114 1197; x_wconf 79' lang='lat' dir='ltr'>regione</span> <span class='ocrx_word' id='word_1_150' title='bbox 1145 1155 1336 1187; x_wconf 76' lang='lat' dir='ltr'>montana</span> <span class='ocrx_word' id='word_1_151' title='bbox 1365 1153 1466 1187; x_wconf 91' lang='lat' dir='ltr'>inter</span> <span class='ocrx_word' id='word_1_152' title='bbox 1494 1152 1698 1198; x_wconf 82' lang='lat' dir='ltr'>Nlchapur</span> <span class='ocrx_word' id='word_1_153' title='bbox 1728 1155 1766 1188; x_wconf 85' lang='lat' dir='ltr'>et</span> <span class='ocrx_word' id='word_1_154' title='bbox 1793 1152 1980 1191; x_wconf 79' lang='lat' dir='ltr'>Mesched</span> 
     </span>
     <span class='ocr_line' id='line_1_18' title="bbox 262 1195 1982 1278; baseline 0.003 -46"><span class='ocrx_word' id='word_1_155' title='bbox 262 1195 410 1278; x_wconf 56' lang='grc' dir='ltr'>ἱΒςεῖ),</span> <span class='ocrx_word' id='word_1_156' title='bbox 427 1198 593 1233; x_wconf 81' lang='lat' dir='ltr'>australi</span> <span class='ocrx_word' id='word_1_157' title='bbox 612 1198 808 1243; x_wconf 77' lang='lat' dir='ltr'>(Hausskl</span> <span class='ocrx_word' id='word_1_158' title='bbox 828 1198 901 1244; x_wconf 67' lang='lat' dir='ltr'>Kyv</span> <span class='ocrx_word' id='word_1_159' title='bbox 921 1198 982 1234; x_wconf 72' lang='lat'>771</span> <span class='ocrx_word' id='word_1_160' title='bbox 1005 1198 1080 1234; x_wconf 80' lang='lat' dir='ltr'>sub</span> <span class='ocrx_word' id='word_1_161' title='bbox 1100 1197 1154 1234; x_wconf 86' lang='lat' dir='ltr'>M.</span> <span class='ocrx_word' id='word_1_162' title='bbox 1177 1198 1438 1244; x_wconf 68' lang='lat' dir='ltr'>bombycino),</span> <span class='ocrx_word' id='word_1_163' title='bbox 1465 1209 1587 1246; x_wconf 85' lang='lat' dir='ltr'>prope</span> <span class='ocrx_word' id='word_1_164' title='bbox 1613 1199 1790 1236; x_wconf 87' lang='lat' dir='ltr'>Kerman</span> <span class='ocrx_word' id='word_1_165' title='bbox 1813 1202 1852 1236; x_wconf 88' lang='lat' dir='ltr'>et</span> <span class='ocrx_word' id='word_1_166' title='bbox 1878 1201 1982 1238; x_wconf 89' lang='lat' dir='ltr'>inter</span> 
     </span>
    </p>

    <p class='ocr_par' dir='ltr' id='par_1_7' title="bbox 280 1244 1738 1292">
     <span class='ocr_line' id='line_1_19' title="bbox 280 1244 1738 1292; baseline 0.001 -12"><span class='ocrx_word' id='word_1_167' title='bbox 280 1244 434 1290; x_wconf 68' lang='lat' dir='ltr'>Spahan</span> <span class='ocrx_word' id='word_1_168' title='bbox 452 1247 490 1281; x_wconf 87' lang='lat' dir='ltr'>et</span> <span class='ocrx_word' id='word_1_169' title='bbox 506 1245 685 1281; x_wconf 84' lang='lat' dir='ltr'>Teheran</span> <span class='ocrx_word' id='word_1_170' title='bbox 701 1245 846 1292; x_wconf 79' lang='lat' dir='ltr'>(Egel),</span> <span class='ocrx_word' id='word_1_171' title='bbox 866 1246 1080 1292; x_wconf 73' lang='lat' dir='ltr'>Affghania</span> <span class='ocrx_word' id='word_1_172' title='bbox 1098 1246 1261 1290; x_wconf 81' lang='lat' dir='ltr'>(Griffl)‚</span> <span class='ocrx_word' id='word_1_173' title='bbox 1282 1246 1509 1283; x_wconf 76' lang='lat' dir='ltr'>Belutschia</span> <span class='ocrx_word' id='word_1_174' title='bbox 1533 1247 1688 1292; x_wconf 68' lang='lat' dir='ltr'>(Stocks</span> <span class='ocrx_word' id='word_1_175' title='bbox 1700 1249 1738 1291; x_wconf 81' lang='lat' dir='ltr'>l).</span> 
     </span>
    </p>
   </div>
   <div class='ocr_carea' id='block_1_7' title="bbox 261 1306 1984 1403">
    <p class='ocr_par' dir='ltr' id='par_1_8' title="bbox 261 1306 1984 1403">
     <span class='ocr_line' id='line_1_20' title="bbox 309 1306 1983 1358; baseline 0.003 -15"><span class='ocrx_word' id='word_1_176' title='bbox 309 1306 456 1345; x_wconf 75' lang='lat' dir='ltr'>Praeter</span> <span class='ocrx_word' id='word_1_177' title='bbox 470 1309 569 1345; x_wconf 82' lang='lat' dir='ltr'>folia</span> <span class='ocrx_word' id='word_1_178' title='bbox 585 1309 765 1355; x_wconf 78' lang='lat' dir='ltr'>longiora</span> <span class='ocrx_word' id='word_1_179' title='bbox 790 1310 965 1346; x_wconf 81' lang='lat' dir='ltr'>acutiora</span> <span class='ocrx_word' id='word_1_180' title='bbox 988 1312 1026 1345; x_wconf 91' lang='lat' dir='ltr'>et</span> <span class='ocrx_word' id='word_1_181' title='bbox 1042 1309 1216 1356; x_wconf 78' lang='lat' dir='ltr'>capitula</span> <span class='ocrx_word' id='word_1_182' title='bbox 1236 1311 1385 1357; x_wconf 79' lang='lat' dir='ltr'>majora</span> <span class='ocrx_word' id='word_1_183' title='bbox 1404 1310 1549 1347; x_wconf 86' lang='lat' dir='ltr'>eximie</span> <span class='ocrx_word' id='word_1_184' title='bbox 1567 1310 1778 1346; x_wconf 83' lang='lat' dir='ltr'>distinctus</span> <span class='ocrx_word' id='word_1_185' title='bbox 1797 1322 1820 1346; x_wconf 88' lang='lat' dir='ltr'>a</span> <span class='ocrx_word' id='word_1_186' title='bbox 1839 1321 1983 1358; x_wconf 85' lang='lat' dir='ltr'>praece-</span> 
     </span>
     <span class='ocr_line' id='line_1_21' title="bbox 261 1353 1984 1403; baseline 0.002 -13"><span class='ocrx_word' id='word_1_187' title='bbox 261 1353 448 1392; x_wconf 82' lang='lat' dir='ltr'>dentibus</span> <span class='ocrx_word' id='word_1_188' title='bbox 468 1357 594 1403; x_wconf 85' lang='lat' dir='ltr'>paleis</span> <span class='ocrx_word' id='word_1_189' title='bbox 614 1357 822 1392; x_wconf 73' lang='lat' dir='ltr'>fructiferIS</span> <span class='ocrx_word' id='word_1_190' title='bbox 849 1357 1015 1393; x_wconf 80' lang='lat' dir='ltr'>achenia</span> <span class='ocrx_word' id='word_1_191' title='bbox 1045 1357 1341 1393; x_wconf 87' lang='lat' dir='ltr'>includentibus</span> <span class='ocrx_word' id='word_1_192' title='bbox 1369 1357 1682 1394; x_wconf 81' lang='lat' dir='ltr'>membranaceis</span> <span class='ocrx_word' id='word_1_193' title='bbox 1700 1368 1770 1394; x_wconf 88' lang='lat' dir='ltr'>nec</span> <span class='ocrx_word' id='word_1_194' title='bbox 1795 1359 1984 1395; x_wconf 85' lang='lat' dir='ltr'>coriaceis</span> 
     </span>
    </p>
   </div>
   <div class='ocr_carea' id='block_1_8' title="bbox 261 1402 826 1440">
    <p class='ocr_par' dir='ltr' id='par_1_9' title="bbox 261 1402 826 1440">
     <span class='ocr_line' id='line_1_22' title="bbox 261 1402 826 1440; baseline 0.002 -3"><span class='ocrx_word' id='word_1_195' title='bbox 261 1403 300 1438; x_wconf 79' lang='lat' dir='ltr'>et</span> <span class='ocrx_word' id='word_1_196' title='bbox 316 1402 446 1439; x_wconf 69' lang='lat' dir='ltr'>forma</span> <span class='ocrx_word' id='word_1_197' title='bbox 467 1405 629 1440; x_wconf 87' lang='lat' dir='ltr'>omnino</span> <span class='ocrx_word' id='word_1_198' title='bbox 647 1404 826 1440; x_wconf 87' lang='lat' dir='ltr'>diversis.</span> 
     </span>
    </p>
   </div>
   <div class='ocr_carea' id='block_1_9' title="bbox 255 1519 1984 1879">
    <p class='ocr_par' dir='ltr' id='par_1_10' title="bbox 255 1519 1984 1811">
     <span class='ocr_line' id='line_1_23' title="bbox 319 1519 1984 1576; baseline 0.003 -16"><span class='ocrx_word' id='word_1_199' title='bbox 319 1520 360 1560; x_wconf 67' lang='lat'>4.</span> <span class='ocrx_word' id='word_1_200' title='bbox 394 1519 464 1562; x_wconf 87' lang='grc' dir='ltr'>Μ.</span> <span class='ocrx_word' id='word_1_201' title='bbox 503 1521 763 1576; x_wconf 78' lang='lat' dir='ltr'>supinus</span> <span class='ocrx_word' id='word_1_202' title='bbox 794 1519 862 1575; x_wconf 77' lang='lat' dir='ltr'>(L.</span> <span class='ocrx_word' id='word_1_203' title='bbox 888 1519 960 1574; x_wconf 89' lang='lat' dir='ltr'>Sp.</span> <span class='ocrx_word' id='word_1_204' title='bbox 991 1520 1126 1576; x_wconf 79' lang='lat'>1313)</span> <span class='ocrx_word' id='word_1_205' title='bbox 1146 1520 1486 1573; x_wconf 84' lang='lat' dir='ltr'>adpressissime</span> <span class='ocrx_word' id='word_1_206' title='bbox 1507 1532 1642 1564; x_wconf 80' lang='lat' dir='ltr'>canus</span> <span class='ocrx_word' id='word_1_207' title='bbox 1662 1534 1686 1563; x_wconf 89' lang='lat' dir='ltr'>a</span> <span class='ocrx_word' id='word_1_208' title='bbox 1705 1520 1814 1564; x_wconf 90' lang='lat' dir='ltr'>collo</span> <span class='ocrx_word' id='word_1_209' title='bbox 1836 1533 1984 1566; x_wconf 84' lang='lat' dir='ltr'>ramo-</span> 
     </span>
     <span class='ocr_line' id='line_1_24' title="bbox 259 1578 1981 1634; baseline 0.002 -14"><span class='ocrx_word' id='word_1_210' title='bbox 259 1589 337 1620; x_wconf 89' lang='lat' dir='ltr'>sus</span> <span class='ocrx_word' id='word_1_211' title='bbox 365 1579 498 1621; x_wconf 87' lang='lat' dir='ltr'>ramis</span> <span class='ocrx_word' id='word_1_212' title='bbox 526 1579 734 1622; x_wconf 87' lang='lat' dir='ltr'>brevibus</span> <span class='ocrx_word' id='word_1_213' title='bbox 767 1579 951 1633; x_wconf 67' lang='lat' dir='ltr'>diffusis,</span> <span class='ocrx_word' id='word_1_214' title='bbox 977 1579 1091 1622; x_wconf 88' lang='lat' dir='ltr'>foliis</span> <span class='ocrx_word' id='word_1_215' title='bbox 1116 1579 1375 1634; x_wconf 80' lang='lat' dir='ltr'>spathulatis</span> <span class='ocrx_word' id='word_1_216' title='bbox 1413 1578 1709 1623; x_wconf 78' lang='lat' dir='ltr'>obtusissimis</span> <span class='ocrx_word' id='word_1_217' title='bbox 1744 1580 1837 1622; x_wconf 87' lang='lat' dir='ltr'>basi</span> <span class='ocrx_word' id='word_1_218' title='bbox 1864 1584 1981 1623; x_wconf 83' lang='lat' dir='ltr'>atte-</span> 
     </span>
     <span class='ocr_line' id='line_1_25' title="bbox 256 1638 1979 1693; baseline 0.002 -14"><span class='ocrx_word' id='word_1_219' title='bbox 256 1638 419 1688; x_wconf 84' lang='lat' dir='ltr'>nuatis,</span> <span class='ocrx_word' id='word_1_220' title='bbox 436 1638 639 1693; x_wconf 86' lang='lat' dir='ltr'>capitulis</span> <span class='ocrx_word' id='word_1_221' title='bbox 657 1639 919 1682; x_wconf 83' lang='lat' dir='ltr'>axillaribus</span> <span class='ocrx_word' id='word_1_222' title='bbox 941 1639 1162 1689; x_wconf 79' lang='lat' dir='ltr'>solitariis,</span> <span class='ocrx_word' id='word_1_223' title='bbox 1181 1638 1394 1683; x_wconf 81' lang='lat' dir='ltr'>involucri</span> <span class='ocrx_word' id='word_1_224' title='bbox 1414 1638 1576 1693; x_wconf 87' lang='lat' dir='ltr'>phyllis</span> <span class='ocrx_word' id='word_1_225' title='bbox 1599 1639 1821 1689; x_wconf 73' lang='lat' dir='ltr'>obsoletis.</span> <span class='ocrx_word' id='word_1_226' title='bbox 1839 1639 1979 1692; x_wconf 84' lang='lat' dir='ltr'>paleis</span> 
     </span>
     <span class='ocr_line' id='line_1_26' title="bbox 255 1697 1972 1752; baseline 0.001 -14"><span class='ocrx_word' id='word_1_227' title='bbox 255 1697 409 1750; x_wconf 81' lang='lat' dir='ltr'>paucis</span> <span class='ocrx_word' id='word_1_228' title='bbox 427 1697 600 1741; x_wconf 88' lang='lat' dir='ltr'>demum</span> <span class='ocrx_word' id='word_1_229' title='bbox 617 1697 836 1740; x_wconf 75' lang='lat' dir='ltr'>induratis</span> <span class='ocrx_word' id='word_1_230' title='bbox 861 1698 1262 1752; x_wconf 67' lang='lat' dir='ltr'>obtriangularibus</span> <span class='ocrx_word' id='word_1_231' title='bbox 1286 1698 1415 1741; x_wconf 88' lang='lat' dir='ltr'>dorso</span> <span class='ocrx_word' id='word_1_232' title='bbox 1439 1698 1650 1741; x_wconf 80' lang='lat' dir='ltr'>echinatis</span> <span class='ocrx_word' id='word_1_233' title='bbox 1683 1703 1747 1750; x_wconf 76' lang='grc' dir='ltr'>Θ.</span> <span class='ocrx_word' id='word_1_234' title='bbox 1774 1698 1828 1742; x_wconf 90' lang='lat' dir='ltr'>lc.</span> <span class='ocrx_word' id='word_1_235' title='bbox 1853 1700 1972 1742; x_wconf 83' lang='lat' dir='ltr'>Lam.</span> 
     </span>
     <span class='ocr_line' id='line_1_27' title="bbox 256 1755 1334 1811; baseline 0.002 -14"><span class='ocrx_word' id='word_1_236' title='bbox 256 1755 320 1798; x_wconf 89' lang='lat' dir='ltr'>Ill.</span> <span class='ocrx_word' id='word_1_237' title='bbox 349 1757 435 1799; x_wconf 84' lang='lat' dir='ltr'>tab.</span> <span class='ocrx_word' id='word_1_238' title='bbox 462 1758 562 1808; x_wconf 72' lang='lat'><strong>694,</strong></span> <span class='ocrx_word' id='word_1_239' title='bbox 590 1757 659 1811; x_wconf 78' lang='lat' dir='ltr'>fig.</span> <span class='ocrx_word' id='word_1_240' title='bbox 683 1758 714 1801; x_wconf 89' lang='grc' dir='ltr'>Ι.</span> <span class='ocrx_word' id='word_1_241' title='bbox 740 1780 796 1789; x_wconf 91' lang='lat'>-—</span> <span class='ocrx_word' id='word_1_242' title='bbox 819 1757 953 1801; x_wconf 78' lang='lat' dir='ltr'>Rehb.</span> <span class='ocrx_word' id='word_1_243' title='bbox 979 1759 1034 1801; x_wconf 85' lang='lat' dir='ltr'>Ic.</span> <span class='ocrx_word' id='word_1_244' title='bbox 1063 1758 1211 1809; x_wconf 83' lang='lat' dir='ltr'>Germ,</span> <span class='ocrx_word' id='word_1_245' title='bbox 1235 1758 1334 1800; x_wconf 75' lang='lat'>943.</span> 
     </span>
    </p>

    <p class='ocr_par' dir='ltr' id='par_1_11' title="bbox 305 1829 1973 1879">
     <span class='ocr_line' id='line_1_28' title="bbox 305 1829 1973 1879; baseline 0.001 -13"><span class='ocrx_word' id='word_1_246' title='bbox 305 1829 406 1867; x_wconf 83' lang='lat' dir='ltr'>Hah.</span> <span class='ocrx_word' id='word_1_247' title='bbox 428 1832 469 1867; x_wconf 92' lang='lat' dir='ltr'>in</span> <span class='ocrx_word' id='word_1_248' title='bbox 489 1832 600 1867; x_wconf 83' lang='lat' dir='ltr'>siccis</span> <span class='ocrx_word' id='word_1_249' title='bbox 621 1832 766 1878; x_wconf 84' lang='lat' dir='ltr'>hyeme</span> <span class='ocrx_word' id='word_1_250' title='bbox 795 1831 1010 1872; x_wconf 81' lang='lat' dir='ltr'>inundatis,</span> <span class='ocrx_word' id='word_1_251' title='bbox 1042 1831 1223 1878; x_wconf 86' lang='lat' dir='ltr'>Byzantii</span> <span class='ocrx_word' id='word_1_252' title='bbox 1243 1831 1294 1867; x_wconf 84' lang='lat' dir='ltr'>ad</span> <span class='ocrx_word' id='word_1_253' title='bbox 1312 1830 1464 1867; x_wconf 85' lang='lat' dir='ltr'>radices</span> <span class='ocrx_word' id='word_1_254' title='bbox 1485 1831 1718 1877; x_wconf 73' lang='lat' dir='ltr'>Bougourlu</span> <span class='ocrx_word' id='word_1_255' title='bbox 1739 1831 1973 1879; x_wconf 82' lang='lat' dir='ltr'>(Duparql),</span> 
     </span>
    </p>
   </div>
   <div class='ocr_carea' id='block_1_10' title="bbox 253 1877 1981 1975">
    <p class='ocr_par' dir='ltr' id='par_1_12' title="bbox 253 1877 1981 1975">
     <span class='ocr_line' id='line_1_29' title="bbox 253 1877 1981 1933; baseline 0.001 -19"><span class='ocrx_word' id='word_1_256' title='bbox 253 1877 355 1932; x_wconf 61' lang='lat' dir='ltr'>Ram</span> <span class='ocrx_word' id='word_1_257' title='bbox 389 1879 500 1925; x_wconf 75' lang='lat' dir='ltr'>hylia</span> <span class='ocrx_word' id='word_1_258' title='bbox 519 1880 569 1916; x_wconf 84' lang='lat' dir='ltr'>ad</span> <span class='ocrx_word' id='word_1_259' title='bbox 587 1880 730 1919; x_wconf 86' lang='lat' dir='ltr'>Adalia</span> <span class='ocrx_word' id='word_1_260' title='bbox 748 1879 936 1925; x_wconf 63' lang='lat' dir='ltr'>lHeldrU,</span> <span class='ocrx_word' id='word_1_261' title='bbox 956 1879 1107 1933; x_wconf 78' lang='lat' dir='ltr'>Aleppo</span> <span class='ocrx_word' id='word_1_262' title='bbox 1125 1880 1267 1924; x_wconf 84' lang='lat' dir='ltr'>(Auch.</span> <span class='ocrx_word' id='word_1_263' title='bbox 1286 1879 1399 1916; x_wconf 74' lang='lat'>32161</span> <span class='ocrx_word' id='word_1_264' title='bbox 1417 1879 1493 1925; x_wconf 86' lang='lat' dir='ltr'>Ky.</span> <span class='ocrx_word' id='word_1_265' title='bbox 1510 1879 1598 1915; x_wconf 61' lang='lat'>20⁸1</span> <span class='ocrx_word' id='word_1_266' title='bbox 1616 1878 1828 1925; x_wconf 81' lang='lat' dir='ltr'>Hausskl),</span> <span class='ocrx_word' id='word_1_267' title='bbox 1842 1879 1981 1915; x_wconf 66' lang='lat' dir='ltr'>Pales·</span> 
     </span>
     <span class='ocr_line' id='line_1_30' title="bbox 254 1925 1747 1975; baseline 0 -14"><span class='ocrx_word' id='word_1_268' title='bbox 254 1926 340 1961; x_wconf 75' lang='lat' dir='ltr'>tina</span> <span class='ocrx_word' id='word_1_269' title='bbox 374 1926 535 1972; x_wconf 87' lang='lat' dir='ltr'>Boissl),</span> <span class='ocrx_word' id='word_1_270' title='bbox 558 1938 669 1975; x_wconf 87' lang='lat' dir='ltr'>prov.</span> <span class='ocrx_word' id='word_1_271' title='bbox 689 1927 1032 1963; x_wconf 69' lang='lat' dir='ltr'>Transcaucasicae</span> <span class='ocrx_word' id='word_1_272' title='bbox 1050 1926 1272 1963; x_wconf 70' lang='lat' dir='ltr'>o&#39;omchetia</span> <span class='ocrx_word' id='word_1_273' title='bbox 1291 1929 1328 1963; x_wconf 84' lang='lat' dir='ltr'>et</span> <span class='ocrx_word' id='word_1_274' title='bbox 1345 1926 1561 1972; x_wconf 83' lang='lat' dir='ltr'>Karahagh</span> <span class='ocrx_word' id='word_1_275' title='bbox 1578 1925 1697 1971; x_wconf 86' lang='lat' dir='ltr'>(Szov</span> <span class='ocrx_word' id='word_1_276' title='bbox 1710 1927 1747 1971; x_wconf 73' lang='grc' dir='ltr'>Ι),</span> 
     </span>
    </p>
   </div>
   <div class='ocr_carea' id='block_1_11' title="bbox 301 1990 1342 2039">
    <p class='ocr_par' dir='ltr' id='par_1_13' title="bbox 301 1990 1342 2039">
     <span class='ocr_line' id='line_1_31' title="bbox 301 1990 1342 2039; baseline 0.001 -14"><span class='ocrx_word' id='word_1_277' title='bbox 301 1990 362 2027; x_wconf 84' lang='lat' dir='ltr'>Ar.</span> <span class='ocrx_word' id='word_1_278' title='bbox 383 1991 519 2037; x_wconf 75' lang='lat' dir='ltr'>Geoqr.</span> <span class='ocrx_word' id='word_1_279' title='bbox 549 1992 763 2038; x_wconf 80' lang='lat' dir='ltr'>Lusitania,</span> <span class='ocrx_word' id='word_1_280' title='bbox 781 1992 988 2039; x_wconf 68' lang='lat' dir='ltr'>Hispania,</span> <span class='ocrx_word' id='word_1_281' title='bbox 1008 1992 1140 2028; x_wconf 84' lang='lat' dir='ltr'>Africa</span> <span class='ocrx_word' id='word_1_282' title='bbox 1157 1991 1342 2028; x_wconf 83' lang='lat' dir='ltr'>borealis.</span> 
     </span>
    </p>
   </div>
   <div class='ocr_carea' id='block_1_12' title="bbox 713 2121 1508 2185">
    <p class='ocr_par' dir='ltr' id='par_1_14' title="bbox 713 2121 1508 2185">
     <span class='ocr_line' id='line_1_32' title="bbox 713 2121 1508 2185; baseline -0.004 -13"><span class='ocrx_word' id='word_1_283' title='bbox 713 2123 839 2172; x_wconf 78' lang='lat' dir='ltr'>13le</span> <span class='ocrx_word' id='word_1_284' title='bbox 874 2124 1045 2185; x_wconf 80' lang='lat' dir='ltr'>(Gaertn.</span> <span class='ocrx_word' id='word_1_285' title='bbox 1070 2124 1210 2171; x_wconf 82' lang='lat' dir='ltr'>Fruct.</span> <span class='ocrx_word' id='word_1_286' title='bbox 1244 2123 1296 2177; x_wconf 83' lang='lat' dir='ltr'>ll.</span> <span class='ocrx_word' id='word_1_287' title='bbox 1322 2137 1361 2184; x_wconf 75' lang='lat' dir='ltr'>p.</span> <span class='ocrx_word' id='word_1_288' title='bbox 1390 2121 1508 2183; x_wconf 74' lang='lat'>393).</span> 
     </span>
    </p>
   </div>
   <div class='ocr_carea' id='block_1_13' title="bbox 241 2253 1974 2726">
    <p class='ocr_par' dir='ltr' id='par_1_15' title="bbox 241 2253 1974 2726">
     <span class='ocr_line' id='line_1_33' title="bbox 311 2253 1974 2310; baseline 0.001 -14"><span class='ocrx_word' id='word_1_289' title='bbox 311 2253 506 2308; x_wconf 86' lang='lat' dir='ltr'>Capitula</span> <span class='ocrx_word' id='word_1_290' title='bbox 541 2256 779 2300; x_wconf 80' lang='lat' dir='ltr'>multiflora</span> <span class='ocrx_word' id='word_1_291' title='bbox 806 2256 1025 2299; x_wconf 84' lang='lat' dir='ltr'>discoidea</span> <span class='ocrx_word' id='word_1_292' title='bbox 1057 2257 1308 2310; x_wconf 83' lang='lat' dir='ltr'>glomerata.</span> <span class='ocrx_word' id='word_1_293' title='bbox 1348 2256 1632 2299; x_wconf 85' lang='lat' dir='ltr'>Involucrum</span> <span class='ocrx_word' id='word_1_294' title='bbox 1672 2254 1974 2298; x_wconf 65' lang='lat' dir='ltr'>subbiseriale</span> 
     </span>
     <span class='ocr_line' id='line_1_34' title="bbox 247 2312 1963 2371; baseline 0 -14"><span class='ocrx_word' id='word_1_295' title='bbox 247 2314 411 2369; x_wconf 82' lang='lat' dir='ltr'>phyllis</span> <span class='ocrx_word' id='word_1_296' title='bbox 438 2315 642 2358; x_wconf 83' lang='lat' dir='ltr'>scariosis</span> <span class='ocrx_word' id='word_1_297' title='bbox 669 2316 833 2358; x_wconf 87' lang='lat' dir='ltr'>sensim</span> <span class='ocrx_word' id='word_1_298' title='bbox 866 2315 912 2359; x_wconf 91' lang='lat' dir='ltr'>in</span> <span class='ocrx_word' id='word_1_299' title='bbox 949 2315 1212 2370; x_wconf 78' lang='lat' dir='ltr'>receptaculi</span> <span class='ocrx_word' id='word_1_300' title='bbox 1239 2315 1386 2371; x_wconf 86' lang='lat' dir='ltr'>paleas</span> <span class='ocrx_word' id='word_1_301' title='bbox 1412 2314 1657 2358; x_wconf 85' lang='lat' dir='ltr'>conformes</span> <span class='ocrx_word' id='word_1_302' title='bbox 1685 2312 1963 2357; x_wconf 85' lang='lat' dir='ltr'>abeuntibus.</span> 
     </span>
     <span class='ocr_line' id='line_1_35' title="bbox 248 2372 1963 2430; baseline 0 -15"><span class='ocrx_word' id='word_1_303' title='bbox 248 2372 589 2428; x_wconf 80' lang='lat' dir='ltr'>Receptaculum</span> <span class='ocrx_word' id='word_1_304' title='bbox 625 2376 822 2418; x_wconf 84' lang='lat' dir='ltr'>conicum</span> <span class='ocrx_word' id='word_1_305' title='bbox 859 2387 1031 2418; x_wconf 90' lang='lat' dir='ltr'>summo</span> <span class='ocrx_word' id='word_1_306' title='bbox 1069 2376 1189 2430; x_wconf 86' lang='lat' dir='ltr'>apice</span> <span class='ocrx_word' id='word_1_307' title='bbox 1222 2376 1339 2417; x_wconf 80' lang='lat' dir='ltr'>inter</span> <span class='ocrx_word' id='word_1_308' title='bbox 1365 2374 1497 2417; x_wconf 86' lang='lat' dir='ltr'>flores</span> <span class='ocrx_word' id='word_1_309' title='bbox 1533 2373 1752 2417; x_wconf 88' lang='lat' dir='ltr'>masculos</span> <span class='ocrx_word' id='word_1_310' title='bbox 1782 2372 1963 2426; x_wconf 86' lang='lat' dir='ltr'>nudum,</span> 
     </span>
     <span class='ocr_line' id='line_1_36' title="bbox 246 2431 1963 2489; baseline 0.001 -15"><span class='ocrx_word' id='word_1_311' title='bbox 246 2432 362 2476; x_wconf 88' lang='lat' dir='ltr'>inter</span> <span class='ocrx_word' id='word_1_312' title='bbox 385 2433 518 2476; x_wconf 86' lang='lat' dir='ltr'>flores</span> <span class='ocrx_word' id='word_1_313' title='bbox 547 2434 758 2477; x_wconf 81' lang='lat' dir='ltr'>femineos</span> <span class='ocrx_word' id='word_1_314' title='bbox 781 2435 1043 2489; x_wconf 80' lang='lat' dir='ltr'>paleaceum.</span> <span class='ocrx_word' id='word_1_315' title='bbox 1082 2433 1272 2477; x_wconf 84' lang='lat' dir='ltr'>Flosculi</span> <span class='ocrx_word' id='word_1_316' title='bbox 1296 2433 1541 2477; x_wconf 81' lang='lat' dir='ltr'>exteriores</span> <span class='ocrx_word' id='word_1_317' title='bbox 1565 2432 1740 2475; x_wconf 84' lang='lat' dir='ltr'>feminei</span> <span class='ocrx_word' id='word_1_318' title='bbox 1766 2431 1963 2475; x_wconf 87' lang='lat' dir='ltr'>multise-</span> 
     </span>
     <span class='ocr_line' id='line_1_37' title="bbox 245 2491 1965 2548; baseline -0.001 -14"><span class='ocrx_word' id='word_1_319' title='bbox 245 2491 379 2534; x_wconf 80' lang='lat' dir='ltr'>riales</span> <span class='ocrx_word' id='word_1_320' title='bbox 405 2493 597 2536; x_wconf 81' lang='lat' dir='ltr'>tenuiter</span> <span class='ocrx_word' id='word_1_321' title='bbox 630 2493 857 2536; x_wconf 83' lang='lat' dir='ltr'>filiformes</span> <span class='ocrx_word' id='word_1_322' title='bbox 898 2493 1018 2548; x_wconf 87' lang='lat' dir='ltr'>apice</span> <span class='ocrx_word' id='word_1_323' title='bbox 1053 2493 1305 2537; x_wconf 78' lang='lat' dir='ltr'>denticulati</span> <span class='ocrx_word' id='word_1_324' title='bbox 1345 2492 1502 2546; x_wconf 83' lang='lat' dir='ltr'>singuli</span> <span class='ocrx_word' id='word_1_325' title='bbox 1539 2491 1590 2534; x_wconf 82' lang='lat' dir='ltr'>ad</span> <span class='ocrx_word' id='word_1_326' title='bbox 1627 2491 1799 2534; x_wconf 82' lang='lat' dir='ltr'>axillam</span> <span class='ocrx_word' id='word_1_327' title='bbox 1826 2491 1965 2546; x_wconf 84' lang='lat' dir='ltr'>paleae</span> 
     </span>
     <span class='ocr_line' id='line_1_38' title="bbox 245 2550 1963 2607; baseline 0.001 -14"><span class='ocrx_word' id='word_1_328' title='bbox 245 2550 332 2603; x_wconf 87' lang='lat' dir='ltr'>siti,</span> <span class='ocrx_word' id='word_1_329' title='bbox 354 2553 572 2595; x_wconf 80' lang='lat' dir='ltr'>centralcs</span> <span class='ocrx_word' id='word_1_330' title='bbox 598 2552 777 2595; x_wconf 86' lang='lat' dir='ltr'>masculi</span> <span class='ocrx_word' id='word_1_331' title='bbox 798 2553 920 2607; x_wconf 79' lang='lat' dir='ltr'>pauci</span> <span class='ocrx_word' id='word_1_332' title='bbox 944 2552 1364 2596; x_wconf 85' lang='lat' dir='ltr'>tubuloso-obconici</span> <span class='ocrx_word' id='word_1_333' title='bbox 1386 2550 1726 2605; x_wconf 85' lang='lat' dir='ltr'>quadridentati.</span> <span class='ocrx_word' id='word_1_334' title='bbox 1754 2550 1963 2594; x_wconf 78' lang='lat' dir='ltr'>Antherae</span> 
     </span>
     <span class='ocr_line' id='line_1_39' title="bbox 242 2608 1962 2665; baseline -0.001 -13"><span class='ocrx_word' id='word_1_335' title='bbox 242 2609 336 2653; x_wconf 81' lang='lat' dir='ltr'>basi</span> <span class='ocrx_word' id='word_1_336' title='bbox 372 2611 579 2654; x_wconf 81' lang='lat' dir='ltr'>caudatae.</span> <span class='ocrx_word' id='word_1_337' title='bbox 613 2612 724 2665; x_wconf 82' lang='lat' dir='ltr'>Styli</span> <span class='ocrx_word' id='word_1_338' title='bbox 752 2613 862 2654; x_wconf 83' lang='lat' dir='ltr'>rami</span> <span class='ocrx_word' id='word_1_339' title='bbox 896 2612 1135 2655; x_wconf 79' lang='lat' dir='ltr'>fllisormes.</span> <span class='ocrx_word' id='word_1_340' title='bbox 1167 2611 1357 2654; x_wconf 81' lang='lat' dir='ltr'>Achenia</span> <span class='ocrx_word' id='word_1_341' title='bbox 1396 2622 1648 2664; x_wconf 85' lang='lat' dir='ltr'>compressa</span> <span class='ocrx_word' id='word_1_342' title='bbox 1683 2610 1829 2653; x_wconf 87' lang='lat' dir='ltr'>rarius</span> <span class='ocrx_word' id='word_1_343' title='bbox 1856 2608 1962 2652; x_wconf 89' lang='lat' dir='ltr'>sub-</span> 
     </span>
     <span class='ocr_line' id='line_1_40' title="bbox 241 2667 1959 2726; baseline -0.001 -15"><span class='ocrx_word' id='word_1_344' title='bbox 241 2671 397 2712; x_wconf 83' lang='lat' dir='ltr'>teretia</span> <span class='ocrx_word' id='word_1_345' title='bbox 422 2671 489 2712; x_wconf 81' lang='lat' dir='ltr'>vel</span> <span class='ocrx_word' id='word_1_346' title='bbox 529 2671 711 2724; x_wconf 80' lang='lat' dir='ltr'>oblonga</span> <span class='ocrx_word' id='word_1_347' title='bbox 749 2683 980 2726; x_wconf 83' lang='lat' dir='ltr'>epapposa.</span> <span class='ocrx_word' id='word_1_348' title='bbox 1019 2693 1073 2702; x_wconf 90' lang='lat'>—-</span> <span class='ocrx_word' id='word_1_349' title='bbox 1112 2671 1270 2714; x_wconf 85' lang='lat' dir='ltr'>Herbae</span> <span class='ocrx_word' id='word_1_350' title='bbox 1296 2670 1571 2713; x_wconf 61' lang='lat' dir='ltr'>albo-lanatae</span> <span class='ocrx_word' id='word_1_351' title='bbox 1598 2668 1859 2712; x_wconf 84' lang='lat' dir='ltr'>subacaules</span> <span class='ocrx_word' id='word_1_352' title='bbox 1890 2667 1959 2710; x_wconf 89' lang='lat' dir='ltr'>vel</span> 
     </span>
    </p>
   </div>
   <div class='ocr_carea' id='block_1_14' title="bbox 241 2727 781 2773">
    <p class='ocr_par' dir='ltr' id='par_1_16' title="bbox 241 2727 781 2773">
     <span class='ocr_line' id='line_1_41' title="bbox 241 2727 781 2773; baseline 0.002 -2"><span class='ocrx_word' id='word_1_353' title='bbox 241 2727 440 2771; x_wconf 85' lang='lat' dir='ltr'>breviter</span> <span class='ocrx_word' id='word_1_354' title='bbox 465 2731 781 2773; x_wconf 78' lang='lat' dir='ltr'>caulescentes.</span> 
     </span>
    </p>
   </div>
   <div class='ocr_carea' id='block_1_15' title="bbox 698 2851 1490 2899">
    <p class='ocr_par' dir='ltr' id='par_1_17' title="bbox 698 2851 1490 2899">
     <span class='ocr_line' id='line_1_42' title="bbox 698 2851 1490 2899; baseline -0.001 -11"><span class='ocrx_word' id='word_1_355' title='bbox 698 2851 718 2869; x_wconf 74' lang='lat'>¹*</span> <span class='ocrx_word' id='word_1_356' title='bbox 745 2852 857 2889; x_wconf 80' lang='lat' dir='ltr'>Folia</span> <span class='ocrx_word' id='word_1_357' title='bbox 873 2852 1025 2890; x_wconf 79' lang='lat' dir='ltr'>floralia</span> <span class='ocrx_word' id='word_1_358' title='bbox 1045 2851 1280 2899; x_wconf 70' lang='lat' dir='ltr'>glomer-ulis</span> <span class='ocrx_word' id='word_1_359' title='bbox 1297 2851 1490 2898; x_wconf 78' lang='lat' dir='ltr'>longiora.</span> 
     </span>
    </p>
   </div>
   <div class='ocr_carea' id='block_1_16' title="bbox 304 2944 1956 3004">
    <p class='ocr_par' dir='ltr' id='par_1_18' title="bbox 304 2944 1956 3004">
     <span class='ocr_line' id='line_1_43' title="bbox 304 2944 1956 3004; baseline -0.001 -15"><span class='ocrx_word' id='word_1_360' title='bbox 304 2949 339 2989; x_wconf 91' lang='lat'>1.</span> <span class='ocrx_word' id='word_1_361' title='bbox 373 2947 429 2992; x_wconf 78' lang='lat' dir='ltr'>E.</span> <span class='ocrx_word' id='word_1_362' title='bbox 463 2960 744 3004; x_wconf 72' lang='lat' dir='ltr'>pquaea</span> <span class='ocrx_word' id='word_1_363' title='bbox 777 2949 845 3004; x_wconf 80' lang='lat' dir='ltr'>(L.</span> <span class='ocrx_word' id='word_1_364' title='bbox 883 2949 956 3004; x_wconf 87' lang='lat' dir='ltr'>Sp.</span> <span class='ocrx_word' id='word_1_365' title='bbox 991 2951 1096 2992; x_wconf 80' lang='lat'>1311</span> <span class='ocrx_word' id='word_1_366' title='bbox 1140 2949 1223 2992; x_wconf 86' lang='lat' dir='ltr'>snb</span> <span class='ocrx_word' id='word_1_367' title='bbox 1263 2947 1437 3003; x_wconf 75' lang='lat' dir='ltr'>Filayo)</span> <span class='ocrx_word' id='word_1_368' title='bbox 1469 2947 1654 3002; x_wconf 79' lang='lat' dir='ltr'>simplex</span> <span class='ocrx_word' id='word_1_369' title='bbox 1690 2947 1758 2990; x_wconf 85' lang='lat' dir='ltr'>vel</span> <span class='ocrx_word' id='word_1_370' title='bbox 1794 2959 1818 2988; x_wconf 84' lang='lat' dir='ltr'>a</span> <span class='ocrx_word' id='word_1_371' title='bbox 1845 2944 1956 2989; x_wconf 89' lang='lat' dir='ltr'>collo</span> 
     </span>
    </p>
   </div>
  </div>
 </body>
</html>
