2090 3291
246 230 320 267 628
981 235 1232 263 COMPOSITAE.
1719 226 1958 265 Centaurea.

250 311 388 354 ovatis
412 309 466 353 ad
489 308 640 352 intima
667 308 850 367 linearia
870 308 1098 361 elongatis,
1119 309 1317 352 flosculis
1342 310 1500 364 pallide
1523 310 1661 353 roseIS
1686 321 1773 352 non
1793 310 1967 353 radian-

249 370 382 423 tibus,
409 368 601 412 acheniis
641 368 790 411 niridis
819 367 1083 422 compressis
1117 368 1238 423 apice
1276 368 1618 422 subangustatiS‚
1654 370 1785 423 pappi
1826 370 1966 412 rufes-

250 428 388 471 centis
420 427 536 470 serie
570 426 831 470 intermedia
856 426 1035 469 achenio
1060 426 1318 481 aequilonga,
1351 427 1484 470 seriei
1515 427 1681 470 intimae
1708 428 1841 483 duplo
1868 428 1968 471 bre·

249 488 386 530 vioris
405 486 511 529 setis
530 486 742 541 paleaceis
780 491 840 534 36.
865 484 1192 528 Microlonchus
1211 485 1420 529 Persicas
1438 499 1518 529 nc.
1541 486 1696 529 Prodr.
1718 486 1790 540 Vl,
1808 500 1849 542 p.
1867 489 1964 530 563.

249 570 308 576 —
333 545 503 600 Hyalea
529 543 808 600 stenophylla
829 543 956 587 Jaub.
987 548 1029 587 et
1054 544 1128 600 Sp.
1154 545 1220 588 Ill.
1244 545 1330 588 tab.
1358 546 1440 587 217
1470 548 1513 588 et
1536 545 1703 599 Hyalea
1727 545 1903 588 Persica
1928 546 1966 588 J.

251 609 292 648 et
310 605 384 660 Sp.
411 604 587 647 ibidem.

298 679 399 715 Hab.
419 680 460 715 in
478 679 612 715 Persia
631 678 732 714 circa
753 678 927 726 Ispahan
947 678 1088 724 (Auch.
1109 679 1219 716 3194!
1240 682 1277 715 et
1293 678 1387 715 4838
1407 680 1457 714 A!
1477 678 1651 725 Bungel)

299 742 588 778 Ramosissima
613 741 913 788 sesquipedalis,
939 741 1036 778 folia
1062 742 1247 778 inferiora
1277 741 1565 789 1-2-pollicaria
1582 741 1730 777 lineam
1749 741 1842 785 lata,
1864 741 1969 788 capi-

251 789 412 883 Ῐὲὲῐὲἓίε
433 788 471 825 C.
490 787 622 825 Jaceoe
639 789 805 834 minora,
829 789 995 825 achenia
1013 800 1084 836 pro
1102 789 1250 836 plantae
1270 789 1545 835 magnitudine
1575 799 1721 835 magna
1748 788 1822 834 3¹l2
1843 788 1968 824 lineas

897 967 1022 1010 Sam.
1061 967 1137 1010 111.
1175 968 1325 1012 JACEA.

990 1094 1005 1111 ¹·
1032 1091 1227 1139 Eujaceae.

320 1191 388 1232 21.
425 1189 479 1234 C.
507 1200 718 1233 amara
750 1189 805 1245 (L
848 1189 924 1245 Sp.
955 1190 1086 1246 1292)
1106 1191 1159 1234 ad
1184 1192 1332 1235 caules
1351 1194 1394 1234 et
1410 1203 1554 1234 ramos
1570 1191 1781 1246 adpresse
1807 1191 1860 1234 ad
1873 1191 1971 1235 folia

257 1250 433 1306 parcius
459 1261 942 1301 araneoso-canescens,
978 1250 1176 1293 caulibus
1215 1251 1373 1294 erectis
1407 1251 1476 1293 vel
1505 1250 1843 1295 ascendentibus
1868 1251 1971 1294 sim-

260 1309 448 1364 plicibus
462 1309 529 1351 vel
546 1320 740 1362 superne
759 1309 945 1352 ramosis
964 1309 1099 1352 ramis
1119 1310 1316 1364 virgam,
1333 1310 1447 1353 foliis
1467 1309 1751 1353 inferioribus
1769 1309 1973 1364 oblongo-

257 1370 328 1412 vel
354 1367 782 1411 lineari-lanceolatis
808 1368 992 1422 integris
1017 1369 1086 1411 vel
1111 1369 1397 1423 pinnatifldis,
1415 1368 1723 1422 superioribus
1744 1373 1787 1413 et
1811 1369 1969 1412 rameis

259 1429 423 1471 sensim
442 1426 798 1470 decrescentibus
823 1430 1006 1481 anguste
1025 1427 1266 1471 linearibus
1285 1427 1595 1482 integerrimis,
1614 1429 1816 1483 capitulis
1833 1431 1974 1471 ovato-

258 1487 452 1541 globosis
476 1486 770 1529 mediocribus
797 1486 891 1528 basi
911 1486 1068 1529 foliolis
1092 1488 1302 1540 suffultis,
1321 1486 1537 1530 involucri
1558 1487 1717 1542 phyllis
1734 1487 1975 1543 appendice

260 1546 453 1589 scariosa
480 1545 545 1587 eis
575 1545 718 1588 latiori
741 1545 982 1589 orbiculata
1006 1547 1075 1589 vel
1103 1548 1230 1590 ovata
1251 1547 1421 1600 integra
1450 1545 1515 1588 vel
1543 1546 1684 1588 lacera
1709 1550 1858 1590 centro
1885 1546 1975 1600 pal-

258 1605 346 1648 lide
373 1605 494 1647 fusca
519 1604 753 1658 superatis,
771 1604 1029 1647 intimorum
1050 1606 1366 1660 appendicibus
1390 1606 1606 1658 concavis,
1625 1604 1819 1648 flosculis
1837 1606 1976 1648 roseis

260 1664 456 1707 externis
502 1664 698 1707 breviter
741 1663 1029 1714 radiantibuS‚
1072 1665 1262 1707 acheniis
1307 1664 1710 1718 obovato-oblongis
1747 1665 1976 1720 puberulis

260 1723 396 1766 calvis
435 1729 494 1771 26.
524 1724 579 1766 lc.
605 1723 741 1765 Rchb.
768 1726 796 1765 t.
825 1724 894 1765 22.

308 1796 410 1850 Hah.
426 1797 468 1849 in
485 1796 655 1848 collibus
671 1797 783 1832 siccis
799 1797 1018 1851 praesertim
1036 1797 1208 1843 regionis
1219 1800 1430 1843 montanae,
1443 1796 1676 1833 Macedonia
1690 1808 1810 1844 supra
1818 1797 1977 1833 Vodena

259 1847 297 1880 et
316 1843 462 1880 Bitolia
484 1843 658 1890 (Orphl),
688 1844 837 1880 Tauria
855 1844 911 1889 (S‘
929 1844 1133 1892 Superyl),
1165 1855 1280 1881 mons
1302 1844 1460 1881 Berdak
1478 1855 1598 1892 prope
1617 1845 1763 1881 Baibut
1779 1845 1976 1884 Armeniae

260 1892 460 1937 (Bourgl).
479 1891 539 1927 Fl.
561 1893 662 1937 Aug.
681 1891 789 1938 Sept.

308 1955 367 1991 Ar.
390 1954 523 2000 Geoqr.
553 1954 713 2001 Europa
732 1955 862 1990 media
882 1957 919 1991 et
945 1955 1133 1991 australis
1153 1966 1176 1991 a
1196 1955 1341 1998 Gallia,
1365 1955 1549 1992 Helvetia
1568 1957 1607 1991 et
1623 1955 1773 2002 Tyrolo
1792 1955 1978 1991 australi·

259 2002 335 2038 hus
355 2002 404 2038 ad
427 2001 673 2038 Dalmatiam
693 2006 730 2038 et
747 2002 931 2038 Rossiam
953 2003 1264 2039 meridionalem.

322 2128 391 2171 22.
429 2127 481 2171 C.
505 2128 683 2171 Jacea
709 2127 777 2183 (L.
802 2127 875 2183 Sp.
902 2125 1037 2183 1293)
1054 2128 1352 2182 glabriuscula
1366 2127 1587 2183 asperula,
1604 2127 1803 2170 caulibus
1821 2127 1979 2170 erectis

264 2199 460 2242 superne
487 2188 686 2239 ramosis,
723 2187 837 2229 foliis
863 2187 1323 2241 oblongo-lanceolatis
1352 2191 1395 2230 et
1425 2185 1676 2229 lanceolatis
1703 2185 1885 2241 integris
1909 2186 1976 2228 vel

265 2247 452 2290 sinuatis
488 2250 562 2289 aut
597 2246 887 2301 pinnatifidis‚
916 2247 1221 2300 superioribus
1249 2246 1480 2289 sessilibus
1509 2244 1980 2299 oblongo-lanceolatis,

266 2306 470 2361 capitulis
495 2305 788 2348 mediocribus
811 2306 1154 2359 ovato-globosis
1183 2306 1297 2348 foliis
1325 2305 1510 2349 summis
1537 2304 1745 2355 suffultis,
1763 2304 1979 2347 involucri

265 2365 428 2420 phyllis
455 2364 696 2419 appendice
719 2365 911 2408 scariosa
940 2365 1004 2407 eis
1031 2365 1175 2408 latiori
1202 2367 1352 2408 centro
1379 2364 1644 2408 fuscescenti
1669 2364 1911 2407 orbiculata
1939 2367 1983 2406 et

265 2426 392 2467 ovata
422 2423 905 2467 lobulato-denticulata
932 2424 999 2466 vel
1027 2425 1169 2467 lacera
1197 2424 1458 2474 terminatis,
1484 2423 1741 2466 intimorum
1772 2422 1981 2478 appendi-

265 2485 386 2526 cibus
422 2483 635 2536 concavis,
666 2483 862 2526 flosculis
891 2484 1030 2527 roseis
1057 2484 1255 2526 externis
1284 2484 1445 2537 saepius
1472 2481 1762 2533 radiantibus,
1792 2481 1982 2525 acheniis

266 2543 497 2598 puberulis
520 2542 654 2586 calvis
687 2548 746 2590 ᾌ.
774 2542 830 2585 Ic.
856 2542 921 2586 Fl.
946 2543 1054 2585 Dan.
1079 2543 1164 2585 tab.
1194 2543 1291 2584 519.

317 2616 417 2651 Hab.
432 2616 473 2651 in
488 2615 659 2652 collibus
673 2616 795 2661 siccis,
812 2617 945 2652 monle
961 2616 1117 2652 Athone
1131 2615 1375 2652 Macedoniae
1394 2616 1462 2661 (ex
1475 2615 1630 2661 Sibth.)‚
1642 2615 1809 2652 Caucasi
1824 2615 1983 2661 regione

267 2665 455 2700 montana
472 2663 605 2709 (M.B.,
626 2662 716 2699 CA.
735 2663 867 2710 Mey.),
885 2663 1033 2699 Tauria
1051 2663 1202 2709 (Stev.).

266 2773 292 2808 b
314 2726 538 2808 Διπ11ὶ909τ.
575 2726 734 2773 Europa
767 2736 788 2762 a
817 2725 1085 2763 Scandinavia
1117 2726 1169 2763 ad
1198 2726 1390 2771 Romam,
1422 2725 1567 2763 Sibiria
1604 2726 1818 2770 UralensiS,
1852 2726 1981 2762 Africa

295 2783 387 2809 orea
406 2784 453 2809 is.

324 2889 393 2930 23.
429 2887 485 2932 C.
524 2888 881 2945 nigrescens
920 2889 1091 2944 (Willd.
1130 2888 1190 2944 Sp
1245 2888 1319 2940 ΙΙΙ,
1354 2889 1490 2943 2288)
1523 2887 1983 2944 papilloso-asperula

264 2947 435 3000 viridis,
461 2947 660 2991 caulibus
686 2960 880 3004 superne
908 2960 1038 3003 parce
1065 2948 1266 3000 ramosis,
1292 2948 1404 2991 foliis
1437 2947 1634 3002 oblongis
1666 2947 1850 3001 integris
1877 2947 1984 2989 den-

264 3006 364 3048 tatis
389 3006 454 3049 vel
482 3007 827 3061 lyrato-sinuatis
852 3007 1139 3051 inferioribus
1167 3008 1400 3063 petiolatis‚
1420 3006 1728 3062 superioribus
1752 3006 1981 3049 sessilibus
