2066 3296
137 239 343 287 Eckz'nops.
867 246 1112 273 COMPOSITAE.
1766 245 1838 282 435

489 377 508 395 '²
537 378 554 394 “”
581 377 779 414 Involucri
795 377 937 424 phylla
952 378 1092 414 saltem
1121 382 1278 416 externa
1294 380 1480 428 lanigera.

198 487 265 528 25.
288 485 345 528 E.
371 484 714 540 cephalotes
739 484 841 540 (nc.
868 485 1023 528 Prodr.
1048 486 1119 535 VI,
1147 500 1187 541 p.
1215 489 1319 543 526)
1353 492 1470 532 totus
1500 492 1834 544 adpressissinie

139 557 274 588 canus
298 545 454 587 niveus
477 544 801 597 eglandulosus,
833 545 956 587 caule
990 545 1142 588 crebre
1166 547 1331 597 folioso,
1363 549 1546 601 simplici
1571 552 1638 593 vel
1663 565 1834 596 ramoso

138 604 251 647 foliis
276 602 481 646 coriaceis
507 602 963 655 oblongo-lanceolatis
988 617 1138 657 grosse
1168 606 1387 649 undulatis
1409 611 1449 650 et
1475 609 1628 651 lobatis
1651 611 1761 653 lobis
1789 613 1833 654 in

136 662 286 717 spinas
310 663 446 705 flavas
470 661 744 716 abeuntibus,
762 662 945 704 caulinis
963 664 1441 719 auriculalis,capitulis
1458 667 1649 710 breviter
1666 671 1834 723 pedun-

136 722 305 776 culatis,
330 720 519 776 penicilli
558 720 665 762 setis
698 721 848 774 pauciS
883 722 1093 775 paleace1s
1131 723 1355 767 involucro
1392 726 1520 778 triplo
1557 728 1833 773 brevioribus

137 781 413 829 laeviusculis,
440 779 655 822 involucri
688 780 849 833 phyllis
881 781 1010 822 192-13
1037 782 1230 824 externis
1256 784 1374 836 apice
1404 784 1570 827 minute
1599 786 1832 830 deltoideo-

133 840 391 894 spathulatis
419 839 589 888 lanatis,
618 838 892 881 intermediis
924 840 1128 882 carinatis
1150 854 1173 881 a
1201 842 1341 884 medio
1369 843 1831 889 subulam—attenuatis

133 898 363 953 pectinatis
390 898 528 940 altero
543 897 764 940 interdum
778 898 822 940 in
846 898 1016 952 spinam
1044 900 1280 952 longiorem
1305 902 1683 954 abeunte,intimis
1708 906 1833 948 oblu-

134 957 195 1000 sis
217 957 447 999 fimbriatis
482 957 600 999 ultra
632 956 823 999 medium
857 956 899 998 in
932 958 1083 1000 tubum
1123 963 1407 1013 pentagonum
1447 963 1672 1015 concretis,
1703 966 1831 1018 pappi

133 1016 239 1058 setis
266 1016 517 1058 barbellatis
552 1016 641 1057 fere
681 1015 831 1058 liberis
873 1017 1207 1060 conniventibus
1249 1025 1308 1065 26.
1347 1019 1398 1060 E.
1437 1020 1652 1062 candidus
1695 1022 1829 1065 Boiss.

134 1075 283 1129 Diagn.
312 1074 405 1117 Ser.
439 1075 471 1127 Ι,
493 1075 564 1126 IV,
588 1087 627 1128 p.
654 1076 723 1117 86.
757 1100 805 1105 -—
841 1075 892 1116 E.
918 1074 1141 1128 [asiolepzffs
1172 1076 1256 1129 Bge
1292 1078 1368 1120 loc.
1395 1079 1462 1119 cit.
1488 1092 1529 1133 p.
1562 1081 1645 1122 379
1672 1081 1830 1134 [forma

131 1133 444 1188 glabrescens).

179 1208 282 1244 Hah.
305 1209 346 1244 in
367 1209 500 1245 Persia
529 1208 741 1255 (Belanger
763 1209 886 1254 5241),
915 1210 955 1245 in
984 1213 1118 1246 monte
1136 1210 1228 1245 Sosa
1255 1222 1373 1258 prope
1401 1212 1569 1259 Ispahan
1590 1214 1756 1258 (Bode!)‚
1782 1216 1829 1251 ad

133 1256 281 1292 radices
306 1256 452 1292 montis
467 1256 612 1292 Elburs
628 1266 748 1303 prope
771 1256 956 1292 Derbend
974 1258 1064 1303 (Ky.
1084 1258 1196 1302 4199),
1218 1260 1314 1294 inter
1330 1260 1422 1295 Jezd
1442 1262 1479 1295 et
1499 1260 1666 1307 Ispahan
1688 1262 1829 1307 (Egel).

130 1302 337 1387 ἓιχὲίοῐίἑῐέθη
364 1314 442 1339 non
474 1305 536 1339 sat
563 1303 769 1339 evolutum
790 1315 809 1340 e
826 1303 1052 1340 Belutschia
1071 1305 1248 1349 (Stocks.
1271 1306 1371 1351 983),
1391 1308 1465 1342 huc
1484 1319 1640 1354 quoqne
1658 1312 1831 1355 spectare

175 1413 346 1460 Insignis
364 1413 469 1450 foliis
487 1414 603 1450 valde
621 1414 805 1451 coriaceis
822 1415 1214 1451 undulato-sinnatis.

189 1537 258 1580 26.
285 1537 342 1580 E.
372 1537 664 1581 robustus
686 1536 804 1592 (Bge
841 1538 918 1580 loc.
954 1539 1022 1581 cit.
1064 1552 1100 1592 p.
1141 1540 1224 1580 382
1250 1539 1266 1592 )
1294 1543 1408 1582 totus
1450 1541 1660 1594 adpresse
1692 1557 1830 1587 canus

129 1595 456 1650 eglandulosus‚
490 1596 605 1639 foliis
639 1596 1093 1649 oblongo-lanceolatis
1138 1599 1527 1652 amplexicanlibus
1563 1602 1717 1644 subtus
1745 1605 1830 1645 ele-

130 1656 262 1699 vatim
279 1655 604 1699 nervosissimis
628 1656 671 1697 in
695 1655 817 1698 lobos
836 1656 995 1698 breves
1024 1658 1148 1710 longe
1166 1661 1207 1700 ct
1233 1659 1500 1700 validissime
1530 1661 1829 1714 3-5-spinosos

130 1715 220 1756 fere
246 1715 299 1756 ad
326 1715 519 1757 medium
547 1714 898 1770 pinnatilobatis,
922 1716 1162 1769 glomer-ulo
1192 1729 1359 1769 magno,
1386 1719 1576 1771 penicilli
1600 1719 1827 1762 involucro

129 1773 257 1827 triplo
284 1773 500 1816 brevioris
531 1774 638 1817 setis
660 1774 872 1827 paleaceis
897 1775 1125 1827 fragilibus
1169 1776 1363 1828 margine
1403 1777 1582 1829 scabris,
1617 1778 1827 1822 involucri

132 1832 286 1886 phyllis
312 1833 438 1874 12-13
467 1833 660 1875 externis
687 1844 740 1874 ex
768 1832 860 1874 basi
880 1834 1002 1887 longe
1021 1837 1239 1876 attenuata
1269 1836 1385 1888 apice
1402 1836 1630 1890 puberulis
1649 1839 1827 1890 spallin-

129 1890 225 1934 latis
253 1891 465 1934 truncatis
492 1891 820 1945 mucronulatis,
854 1892 1127 1935 intermediis
1167 1894 1361 1947 oblongis
1396 1895 1597 1937 carinatis
1635 1909 1827 1949 superne

129 1950 323 1993 breviter
353 1950 790 2004 attenuato-spinosis
819 1951 1096 1994 denticulatis
1136 1953 1274 1994 altero
1308 1966 1422 2008 saepe
1449 1954 1490 1995 in
1520 1956 1688 2008 spinam
1723 1957 1827 1998 vali·

127 2007 223 2050 dam
247 2009 441 2052 flosculis
477 2009 763 2064 aequilongam
797 2009 989 2061 abeunti,
1027 2012 1190 2054 intimis
1226 2012 1270 2053 in
1305 2014 1461 2055 tubum
1498 2014 1826 2056 subcoriacenm

129 2068 242 2110 ultra
266 2068 460 2111 medium
493 2069 705 2111 concretis
737 2069 856 2122 apice
884 2070 1292 2120 fimbriato-laceris,
1319 2073 1447 2125 pappi
1475 2073 1579 2114 sctis
1606 2074 1828 2127 paleacco-

125 2127 408 2180 complanatis
437 2128 650 2181 plumosis
686 2128 975 2182 inaequalibus
1011 2130 1055 2171 in
1090 2142 1290 2171 coronam
1320 2132 1533 2184 cont-ignis
1575 2132 1651 2173 sed
1680 2133 1770 2174 fere
1804 2146 1828 2175 a

126 2185 220 2228 basi
246 2185 394 2229 liberis
423 2192 482 2234 26.

171 2259 272 2295 Hab.
292 2270 412 2307 prope
431 2260 615 2296 Kaschan
632 2263 671 2297 et
687 2260 897 2296 Nasrabad
915 2261 1014 2296 inter
1032 2261 1203 2307 Ispahan
1224 2265 1260 2297 et
1275 2263 1455 2297 Toheran
1469 2263 1610 2298 Persiae
1630 2263 1727 2308 (ΒΕΘ
1741 2266 1776 2308 l).

170 2324 284 2360 Folia
314 2325 581 2371 semipedalia.
602 2325 723 2362 Valde
755 2326 871 2361 affine
902 2326 951 2361 Ε.
980 2326 1186 2373 cephalon,
1214 2328 1424 2372 glomi—ruli
1446 2329 1821 2373 majores31>enicilli

125 2371 217 2407 setis
236 2372 397 2418 scabris,
415 2372 564 2419 phyllis
592 2374 762 2409 externis
793 2374 982 2410 truncatis
1001 2377 1038 2409 et
1058 2385 1187 2420 pappo
1209 2376 1397 2421 inan‘piali
1426 2377 1553 2420 bagis
1574 2376 1754 2422 paleaceo
1774 2378 1826 2410 ab

126 2427 170 2454 eo
188 2429 239 2454 an
254 2421 317 2454 sat
334 2419 568 2455 distinctus?

184 2542 252 2584 27.
286 2541 344 2585 E.
370 2542 804 2586 villosissimus
833 2542 940 2598 (Bge
963 2544 1026 2585 loc
1048 2543 1116 2585 cit.
1142 2557 1179 2597 p.
1210 2544 1315 2597 383)
1343 2543 1462 2585 caule
1486 2543 1694 2596 adpresse
1718 2557 1823 2586 cano

123 2601 390 2655 corymboso,
429 2602 539 2644 foliis
562 2614 697 2655 supra
723 2602 1052 2645 canescentibus
1075 2602 1290 2654 glandulis
1325 2602 1556 2644 >fossilibus
1599 2602 1824 2655 adspersis*

123 2659 279 2702 subtus
302 2661 420 2702 canis
436 2661 585 2703 nervis
612 2660 962 2714 prominentibus
989 2661 1033 2702 in
1059 2665 1280 2713 segmenta
1309 2661 1823 2713 triangulari-lanceolala

124 2717 262 2760 lobata
284 2719 409 2772 longe
432 2719 608 2773 spinosa
632 2719 945 2772 pinnatisectis,
978 2719 1090 2760 soliis
1123 2720 1426 2771 superioribus
1452 2720 1573 2761 valde
1599 2720 1822 2762 diminutis

123 2778 165 2818 et
186 2776 470 2829 abbreviatis,
500 2777 687 2831 penicilli
714 2778 865 2821 saltem
895 2779 936 2819 in
959 2778 1161 2831 capitulis
1190 2777 1468 2819 inferioribus
1493 2778 1715 2819 involucro
1736 2779 1824 2820 lon-

122 2834 253 2887 gioris
275 2836 380 2878 setis
404 2837 652 2879 numerosis
671 2835 933 2887 barbellatis‚
958 2836 1170 2879 involucri
1192 2836 1350 2890 phyllis
1375 2836 1501 2877 11-›13
1528 2837 1689 2878 intimis
1706 2838 1824 2891 apice

121 2894 583 2938 arachnoideo-lanatis
604 2894 798 2938 breviter
821 2895 1048 2938 deltoideis
1071 2896 1297 2937 serrulatis
1317 2894 1513 2947 penicillo
1532 2895 1823 2938 brevioribus.

123 2951 393 2995 intermediis
418 2967 440 2995 a
464 2957 587 3008 parte
614 2954 758 2996 media
780 2954 1149 2997 subarachnoidea
1175 2954 1406 2995 serrulalis
1434 2953 1473 2994 in
1519 2955 1686 3006 spinam
1720 2959 1826 2997 att:-

123 3012 265 3054 nuatis
291 3011 426 3055 altero
449 3013 490 3055 in
519 3024 656 3056 cornu
682 3013 778 3055 aliis
804 3013 975 3066 longius
1002 3017 1042 3054 et
1071 3013 1255 3053 validius
1300 3024 1413 3063 sappo
1441 3012 1630 3056 abeunti,
1656 3013 1822 3056 intimis
