2912 4368
361 688 535 725 Galmm.
1104 693 1327 719 RUBxACEAE.
2020 684 2068 721 65

364 771 637 824 spiciformes
662 768 936 821 interruptos
958 766 1261 818 formantibus
1289 766 1475 808 bracteis
1497 765 1704 819 minimis,
1728 766 1952 819 podicellis
1977 765 2066 808 hir-

361 829 475 871 sutis
518 827 800 880 capillaribus
840 826 947 867 flore
988 825 1155 866 minuto
1196 836 1351 877 parum
1382 824 1674 876 longioribus,
1713 825 1885 867 corollae
1919 837 2065 878 parvae

364 887 634 929 fusco—luteae
653 885 723 928 vel
748 883 1110 938 purpurascentis
1146 883 1255 925 lobis
1290 883 1491 936 ellipticis
1516 882 1710 926 brevitor
1734 885 2064 937 mucronulatis,

364 947 507 988 fructu
534 946 659 997 longe
680 946 721 986 ct
745 943 892 996 patule
920 942 1090 996 hispido
1124 949 1179 990 26.
1212 942 1268 983 Ic.
1296 942 1357 983 Fl.
1388 941 1462 982 Gr.
1486 941 1571 983 tab.
1604 942 1698 983 136.

412 1017 515 1052 Hah.
542 1017 592 1052 ad
624 1026 740 1063 rupes
771 1016 945 1061 regionis
974 1014 1170 1050 inferioris
1201 1017 1239 1050 et
1278 1016 1478 1049 montanae
1508 1024 1634 1061 usque
1661 1015 1711 1050 ad
1735 1015 1840 1050 1500’
1860 1015 1986 1051 Cretae
2016 1016 2065 1052 ad

365 1064 533 1105 Khania,
562 1065 795 1109 Gortynam,
815 1062 965 1097 radices
984 1062 1072 1106 Idae,
1099 1062 1249 1096 Candia
1268 1062 1426 1106 (Sibthl,
1451 1061 1557 1096 Siebl
1578 1061 1719 1097 Heldrl
1748 1062 1895 1106 sinuli),
1923 1063 2065 1098 insulae

366 1111 442 1146 Cos
461 1111 603 1155 (Urvi),
627 1110 757 1145 Rhodi
786 1111 824 1144 in
853 1111 984 1145 monte
1013 1109 1161 1154 Hagios·
1184 1108 1292 1143 Elias
1319 1108 1524 1153 (Bourgl),
1546 1109 1680 1153 Lydiae
1711 1120 1831 1156 prope
1862 1110 2064 1156 Ephesum

365 1158 497 1202 (Boiss
511 1160 548 1202 1),
570 1157 715 1192 Ciliciae
735 1156 921 1192 ΤΙ-3011003
940 1157 986 1191 ad
1014 1156 1218 1191 Anamour
1236 1156 1371 1199 (Peri).
1398 1155 1455 1190 Fl.
1476 1155 1567 1191 Mai.
1586 1155 1672 1191 Jun.

412 1223 454 1257 In
469 1223 661 1257 Parnasso
676 1231 699 1256 a
714 1220 941 1266 Sibthorpio
956 1219 1150 1255 indicatur
1164 1218 1231 1254 sed
1245 1219 1403 1265 probab.
1419 1219 1594 1263 erronee,
1618 1219 1754 1265 planta
1768 1220 2064 1266 3-5-pollicaris.

206 1364 209 1397 g
427 1345 495 1385 427.
532 1343 591 1386 G.
614 1342 856 1397 Lycium
882 1340 1041 1396 (Boiss.
1073 1341 1224 1393 Diagn.⁴
1251 1340 1342 1383 Ser.
1370 1341 1398 1383 l.
1424 1342 1486 1391 10,
1511 1355 1551 1395 p.
1595 1340 1668 1396 71)
1696 1342 1788 1383 basi
1817 1343 2065 1385 sussrutico-

193 1407 209 1437 2¹
365 1416 477 1450 sum,
494 1401 628 1445 ramis
656 1402 811 1443 erectis
839 1401 938 1454 plus
965 1401 1110 1442 minus
1139 1400 1321 1442 ramosis
1348 1400 1428 1443 sub
1453 1399 1567 1442 lente
1590 1400 1848 1442 brevissimo
1873 1402 2065 1454 puberu-

196 1458 197 1461 ’
369 1463 421 1504 lis
447 1462 687 1514 fragilibus,
726 1460 838 1502 foliis
880 1459 996 1501 sonis
1036 1459 1236 1512 cllipticis
1283 1458 1418 1501 acutis
1452 1459 1735 1513 planiusculis
1763 1460 1973 1501 scabridis
1999 1461 2068 1502 vel

367 1521 633 1563 laeviusculis
657 1531 792 1560 nervo
820 1518 975 1561 subtus
1004 1518 1159 1569 valido,
1194 1518 1375 1560 ramulis
1406 1518 1653 1571 hispidulis,
1681 1518 1816 1571 cymiS
1845 1519 2067 1570 peduncu-

371 1579 465 1621 latis
490 1579 745 1620 axillaribus
766 1578 1009 1630 paniculum
1038 1576 1233 1618 foliosam
1263 1579 1490 1629 angustam
1514 1576 1816 1624 formantibus,
1846 1578 2067 1629 pcdicollis

368 1637 602 1691 hispidulis
630 1636 697 1678 vel
723 1637 884 1688 glabris
910 1637 1016 1678 ssorc
1040 1648 1175 1688 parvo
1205 1636 1373 1689 3-4-plo
1397 1635 1680 1687 longioribus,
1708 1635 1876 1677 corollae
1900 1649 2067 1689 purpu-

368 1696 581 1739 rascentis
605 1695 835 1749 hispidulae
866 1694 974 1737 lobis
1015 1694 1057 1735 in
1095 1705 1348 1737 mucronem
1371 1697 1589 1736 setaceum
1615 1694 1890 1746 abeuntibus,
1919 1696 2066 1737 ovario

367 1755 663 1809 hispidissimo
697 1760 755 1799 26.
786 1753 834 1795 G.
864 1753 1127 1794 coricinnwn
1155 1753 1292 1795 Boiss.
1320 1754 1364 1795 in
1389 1752 1546 1806 Bourg.
1572 1763 1681 1795 exs:

415 1826 517 1861 Hah.
539 1826 579 1860 in
600 1827 844 1872 rupestribus
875 1826 923 1861 ad
955 1826 1070 1861 basin
1100 1825 1295 1861 montium
1322 1826 1457 1871 Lydiae
1484 1835 1605 1872 prope
1624 1826 1783 1861 Elmalu
1803 1826 2066 1871 (Pestalozzal

373 1874 516 1919 Bourg.
536 1883 617 1909 exs.
638 1873 749 1918 1351).
769 1873 825 1908 Fl.
849 1873 937 1908 Jun.

413 1938 515 1973 Inter
534 1935 579 1972 G.
602 1936 788 1972 Grceeum
804 1939 840 1972 et
852 1937 1062 1972 clamosum
1078 1937 1154 1971 sere
1165 1936 1339 1972 medium
1358 1936 1408 1972 ab
1434 1937 1489 1972 eis
1504 1938 1625 1972 ramis
1644 1938 1681 1973 et
1699 1937 1804 1973 foliis
1822 1938 2066 1983 glabrescen-

370 1985 474 2020 tibus
507 1984 710 2028 scabridis,
738 1995 760 2019 a
788 1985 907 2031 priori
938 1984 1043 2019 foliis
1063 1984 1282 2029 latioribus,
1309 1995 1331 2019 a
1358 1984 1565 2031 posteriori
1588 1985 1734 2021 corolla
1765 1985 1966 2031 hispidum
1993 1987 2071 2022 dis-

368 2033 547 2068 tinctum.

430 2147 499 2189 48.
535 2145 594 2189 G.
620 2143 941 2187 dumosum
968 2144 1128 2198 (Boiss
1157 2144 1308 2198 Diagn.
1338 2144 1431 2188 Ser.
1460 2146 1492 2197 I,
1521 2146 1560 2198 3,
1585 2159 1624 2200 p.
1650 2146 1727 2202 44)
1752 2148 1845 2191 basi
1871 2148 2068 2191 suffruti-

367 2217 519 2249 cosum
540 2204 675 2248 ramis
700 2204 879 2246 dumose
902 2204 1105 2246 confertis
1128 2205 1284 2246 erectis
1302 2205 1461 2247 crassis
1482 2205 1724 2259 fragillimis
1747 2208 1894 2250 stricto
1924 2220 2072 2250 rainu-

370 2264 474 2307 losis
492 2265 640 2318 patule
664 2263 980 2316 albo-hirsutis,
1003 2262 1116 2304 soliis
1140 2264 1258 2305 senis
1283 2263 1492 2305 brevibus
1516 2265 1666 2318 rigidis
1693 2267 2070 2319 oblongo-lanceo-

370 2323 468 2365 latis
492 2323 626 2365 acutis
653 2322 921 2364 mucronatis
945 2322 1070 2363 hirtis
1094 2322 1287 2375 margine
1307 2322 1602 2366 subrevolutis
1629 2337 1765 2367 nervo
1790 2326 1929 2367 modio
1954 2337 2071 2367 cras-

369 2382 562 2425 siusculo
584 2381 740 2424 subtus
765 2381 1003 2435 percursis,
1033 2380 1168 2433 cymis
1208 2381 1463 2423 axillaribus
1496 2383 1800 2435 pedunculatis
1824 2385 2071 2438 paniculum

370 2444 597 2493 angustam
639 2440 941 2491 formantibus,
979 2439 1203 2492 pedicellis
1242 2439 1521 2494 capillaribus
1556 2441 1717 2494 glabris
1757 2444 1864 2485 ssore
1902 2444 2069 2485 minuto

373 2500 541 2553 3-4-plo
565 2500 846 2552 longioi·ibuS‚
874 2498 1044 2541 corollae
1072 2499 1433 2552 purpurascentis
1456 2501 1526 2541 vel
1553 2500 1736 2542 virentis
1772 2503 1933 2554 glabrae
1961 2502 2072 2543 lobis

370 2558 471 2613 plus
490 2559 635 2600 minus
662 2559 786 2611 longe
808 2557 1088 2606 muci-onmis,
1116 2558 1259 2599 fructu
1287 2557 1436 2610 glabro
1459 2558 1527 2599 vel
1552 2571 1680 2612 parce
1703 2560 1873 2613 hispido
1912 2567 1947 2608 26
1963 2595 1970 2603 .

206 2619 209 2678 1
418 2631 520 2666 Hab.
532 2631 581 2667 ad
595 2631 758 2677 rupibus
778 2631 826 2666 ad
845 2641 968 2676 aquas
984 2630 1197 2666 thermales
1218 2631 1441 2678 Hierapolis
1460 2632 1499 2667 in
1518 2632 1690 2679 Phrygi-[1
1705 2633 1835 2678 (Boiss
1849 2637 1885 2679 1),
1901 2635 1951 2670 ad
1969 2636 2073 2671 Ada-

206 2682 209 2691 “
373 2677 426 2714 lia
451 2679 700 2725 Pamphyliae
720 2678 918 2723 (Boni-gl).
947 2678 1003 2713 Fl.
1031 2678 1122 2713 Jun.

206 2739 209 2766 ¹
420 2743 539 2778 Dumi
558 2742 818 2788 semipedales
841 2742 900 2776 vel
921 2741 1089 2788 pedales,
1119 2742 1214 2777 folia
1240 2742 1398 2778 caulina
1424 2745 1502 2778 tres
1531 2743 1656 2779 lineas
1680 2744 1799 2790 longa
1820 2745 1966 2781 lineam
1993 2745 2075 2781 lata

373 2792 602 2825 mucronata
626 2800 695 2824 nec
714 2792 757 2824 ut
785 2790 823 2823 in
842 2789 1026 2824 affinibus
1052 2789 1207 2824 mutica.

123 2903 127 2929 2
196 2913 198 2934 ¹
434 2903 502 2943 49.
534 2901 591 2944 G.
608 2911 824 2943 canum
847 2900 1065 2954 (Requien
1093 2900 1137 2942 in
1164 2913 1241 2943 1).c.
1267 2901 1397 2943 Prod.
1418 2901 1492 2950 IV,
1520 2916 1560 2956 p.
1586 2903 1692 2952 602¹)
1717 2905 1807 2945 basi
1825 2906 2074 2948 suffrutico-

372 2973 472 3003 sum
490 2961 542 3002 ad
560 2972 704 3002 ramos
729 2963 770 3001 et
793 2960 953 3012 saepius
980 2960 1032 3000 ad
1060 2958 1159 3000 folia
1186 2960 1320 3002 dense
1339 2963 1380 3002 et
1401 2961 1592 3015 crispule
1607 2975 1776 3013 canum,
1805 2964 1938 3006 ramis
1957 2976 2074 3006 cras-

93 3067 120 3075 „
198 3050 200 3059 ,
377 3019 455 3069 sis,
484 3019 597 3061 foliis
620 3018 891 3060 brevissimis
915 3018 1336 3061 lineari-subconicis
1359 3019 1671 3063 obtusiusculis
1698 3021 1765 3062 vel
1794 3023 1929 3064 acutis
1961 3036 2074 3065 mar—

72 3083 75 3088 “
197 3063 209 3135 ἱ
376 3078 474 3131 gine
488 3078 613 3119 valde
630 3077 860 3125 revolutis,
875 3076 1009 3130 cymis
1022 3076 1278 3119 axillaribus
1294 3078 1598 3131 pedunculatis
1621 3080 1843 3133 paniculas
1870 3086 2076 3134 angustas

198 3141 200 3145 ⁴
376 3137 681 3185 formantibUS,
711 3136 968 3188 pedunculis
987 3135 1299 3190 pedicellisque
1317 3137 1501 3191 hispidis
1524 3138 1641 3180 hisce
1665 3140 1773 3180 flore
1802 3140 1967 3182 minuto
1982 3139 2078 3181 3-4-

377 3194 446 3248 plo
472 3195 755 3247 longioribus,
782 3194 954 3236 corollae
988 3206 1222 3248 purpureae
1256 3196 1381 3238 hirtae
1429 3196 1536 3239 iobis
1577 3197 1844 3251 longiuscule
1888 3203 2080 3242 8013000-

200 3259 210 3310 1
378 3254 657 3303 mucronatis,
684 3254 829 3294 fructu
854 3253 1024 3306 hispido
1062 3259 1098 3300 26
1113 3286 1121 3294 .

117 3352 129 3376 Δ.
200 3319 202 3376 1
425 3326 529 3360 Hab.
551 3327 591 3361 in
610 3336 727 3375 rupes
743 3325 891 3361 calidas
909 3326 1030 3361 Tauri
1050 3326 1195 3363 Cilicici
1214 3328 1305 3373 (ΚΥ.
1323 3328 1414 3365 2341
1434 3329 1505 3364 Bal
1516 3331 1552 3374 1),
1583 3330 1707 3376 Syriae
1736 3330 1817 3366 bor.
1838 3333 1875 3366 et
1900 3331 2081 3378 Mesopo-

60 3373 64 3378 ’
200 3386 210 3449 ἐ·
377 3373 578 3426 13111100ρά
598 3374 703 3415 Orsa,
729 3372 887 3426 Suerelz,
919 3373 1113 3427 Biredjick
1141 3375 1473 3429 (KyltHausskl),
1497 3378 1716 3431 Antiochiae
1746 3378 1926 3422 (1301551),
1960 3390 2080 3426 prope

208 3437 211 3447 ι
379 3419 540 3466 Tripoli,
563 3420 778 3465 Berytbum
798 3422 833 3454 et
852 3430 890 3454 m
906 3419 1057 3455 Libano
1076 3421 1159 3465 (sssli
1179 3422 1284 3457 Galll
1297 3426 1335 3467 1),
1362 3423 1411 3458 ad
1430 3423 1603 3460 Zebdam
1622 3425 1715 3470 (ΚΥ.
1736 3425 1826 3470 641),
1846 3426 1895 3462 ad
1913 3427 2080 3462 Damas·—

379 3477 468 3501 cum
487 3467 662 3511 (Boissl),
682 3467 722 3501 in
739 3467 918 3502 carmelo
937 3467 1085 3511 (Labill
1101 3470 1137 3513 1).

1872 3538 1896 3573 5
