<?xml version="1.0" encoding="UTF-8"?>
<!DOCTYPE html PUBLIC "-//W3C//DTD XHTML 1.0 Transitional//EN"
    "http://www.w3.org/TR/xhtml1/DTD/xhtml1-transitional.dtd">
<html xmlns="http://www.w3.org/1999/xhtml" xml:lang="en" lang="en">
 <head>
  <title>
</title>
<meta http-equiv="Content-Type" content="text/html;charset=utf-8" />
  <meta name='ocr-system' content='tesseract 3.04.00' />
  <meta name='ocr-capabilities' content='ocr_page ocr_carea ocr_par ocr_line ocrx_word'/>
</head>
<body>
  <div class='ocr_page' id='page_1' title='image "./floraorientaliss03bois_0839.png"; bbox 0 0 2066 3296; ppageno 0'>
   <div class='ocr_carea' id='block_1_1' title="bbox 86 211 1790 259">
    <p class='ocr_par' dir='ltr' id='par_1_1' title="bbox 86 211 1790 259">
     <span class='ocr_line' id='line_1_1' title="bbox 86 211 1790 259; baseline 0.002 -11"><span class='ocrx_word' id='word_1_1' title='bbox 86 211 361 259; x_wconf 67' lang='lat' dir='ltr'>Trayopoyon.</span> <span class='ocrx_word' id='word_1_2' title='bbox 809 221 1056 247; x_wconf 81' lang='lat' dir='ltr'>COMPOSITAE.</span> <span class='ocrx_word' id='word_1_3' title='bbox 1717 215 1790 252; x_wconf 77' lang='lat'>753</span> 
     </span>
    </p>
   </div>
   <div class='ocr_carea' id='block_1_2' title="bbox 130 292 1006 338">
    <p class='ocr_par' dir='ltr' id='par_1_2' title="bbox 130 292 1006 338">
     <span class='ocr_line' id='line_1_2' title="bbox 130 292 1006 338; baseline -0.002 -10"><span class='ocrx_word' id='word_1_4' title='bbox 130 292 232 328; x_wconf 87' lang='lat' dir='ltr'>Hab.</span> <span class='ocrx_word' id='word_1_5' title='bbox 251 293 292 328; x_wconf 87' lang='lat' dir='ltr'>in</span> <span class='ocrx_word' id='word_1_6' title='bbox 312 292 500 328; x_wconf 71' lang='lat' dir='ltr'>Armenia</span> <span class='ocrx_word' id='word_1_7' title='bbox 515 302 634 338; x_wconf 80' lang='lat' dir='ltr'>prope</span> <span class='ocrx_word' id='word_1_8' title='bbox 649 292 816 327; x_wconf 89' lang='lat' dir='ltr'>Tortum</span> <span class='ocrx_word' id='word_1_9' title='bbox 836 292 1006 337; x_wconf 76' lang='lat' dir='ltr'>(Huetl&#39;).</span> 
     </span>
    </p>
   </div>
   <div class='ocr_carea' id='block_1_3' title="bbox 80 354 1790 496">
    <p class='ocr_par' dir='ltr' id='par_1_3' title="bbox 80 354 1790 496">
     <span class='ocr_line' id='line_1_3' title="bbox 129 354 1788 405; baseline 0.004 -13"><span class='ocrx_word' id='word_1_10' title='bbox 129 355 270 393; x_wconf 84' lang='lat' dir='ltr'>Planta</span> <span class='ocrx_word' id='word_1_11' title='bbox 301 355 631 402; x_wconf 66' lang='lat' dir='ltr'>10-‘12-pollicaris</span> <span class='ocrx_word' id='word_1_12' title='bbox 661 354 761 390; x_wconf 88' lang='lat' dir='ltr'>collo</span> <span class='ocrx_word' id='word_1_13' title='bbox 796 355 914 390; x_wconf 80' lang='lat' dir='ltr'>dense</span> <span class='ocrx_word' id='word_1_14' title='bbox 947 356 1094 391; x_wconf 84' lang='lat' dir='ltr'>fibroso</span> <span class='ocrx_word' id='word_1_15' title='bbox 1122 356 1304 402; x_wconf 84' lang='lat' dir='ltr'>insignis,</span> <span class='ocrx_word' id='word_1_16' title='bbox 1333 356 1428 392; x_wconf 85' lang='lat' dir='ltr'>folia</span> <span class='ocrx_word' id='word_1_17' title='bbox 1458 358 1647 395; x_wconf 84' lang='lat' dir='ltr'>radicalia</span> <span class='ocrx_word' id='word_1_18' title='bbox 1669 359 1788 405; x_wconf 57' lang='lat'>2272</span> 
     </span>
     <span class='ocr_line' id='line_1_4' title="bbox 80 401 1790 453; baseline 0.003 -15"><span class='ocrx_word' id='word_1_19' title='bbox 80 402 210 439; x_wconf 82' lang='lat' dir='ltr'>lineas</span> <span class='ocrx_word' id='word_1_20' title='bbox 228 403 311 438; x_wconf 85' lang='lat' dir='ltr'>lata</span> <span class='ocrx_word' id='word_1_21' title='bbox 328 413 432 449; x_wconf 73' lang='lat' dir='ltr'>saepe</span> <span class='ocrx_word' id='word_1_22' title='bbox 449 401 772 448; x_wconf 84' lang='lat' dir='ltr'>6-10-pollicaria,</span> <span class='ocrx_word' id='word_1_23' title='bbox 791 403 956 438; x_wconf 81' lang='lat' dir='ltr'>achenia</span> <span class='ocrx_word' id='word_1_24' title='bbox 974 403 996 437; x_wconf 83' lang='grc'><strong>9</strong></span> <span class='ocrx_word' id='word_1_25' title='bbox 1014 402 1142 439; x_wconf 85' lang='lat' dir='ltr'>lineas</span> <span class='ocrx_word' id='word_1_26' title='bbox 1161 402 1458 451; x_wconf 83' lang='lat' dir='ltr'>longa.Species</span> <span class='ocrx_word' id='word_1_27' title='bbox 1476 408 1576 442; x_wconf 87' lang='lat' dir='ltr'>certe</span> <span class='ocrx_word' id='word_1_28' title='bbox 1595 406 1790 453; x_wconf 77' lang='lat' dir='ltr'>perennis,</span> 
     </span>
     <span class='ocr_line' id='line_1_5' title="bbox 83 449 1032 496; baseline -0.002 -10"><span class='ocrx_word' id='word_1_29' title='bbox 83 451 255 486; x_wconf 87' lang='lat' dir='ltr'>caulium</span> <span class='ocrx_word' id='word_1_30' title='bbox 274 453 522 489; x_wconf 82' lang='lat' dir='ltr'>vetustorum</span> <span class='ocrx_word' id='word_1_31' title='bbox 543 449 658 484; x_wconf 88' lang='lat' dir='ltr'>bases</span> <span class='ocrx_word' id='word_1_32' title='bbox 679 450 787 484; x_wconf 88' lang='lat' dir='ltr'>enim</span> <span class='ocrx_word' id='word_1_33' title='bbox 808 449 1032 496; x_wconf 87' lang='lat' dir='ltr'>persistunt.</span> 
     </span>
    </p>
   </div>
   <div class='ocr_carea' id='block_1_4' title="bbox 75 561 1793 1094">
    <p class='ocr_par' dir='ltr' id='par_1_4' title="bbox 75 561 1793 1023">
     <span class='ocr_line' id='line_1_6' title="bbox 146 561 1792 621; baseline 0.004 -16"><span class='ocrx_word' id='word_1_34' title='bbox 146 564 217 605; x_wconf 73' lang='lat'>21.</span> <span class='ocrx_word' id='word_1_35' title='bbox 252 563 308 605; x_wconf 91' lang='grc' dir='ltr'>Τ.</span> <span class='ocrx_word' id='word_1_36' title='bbox 345 561 616 613; x_wconf 79' lang='lat' dir='ltr'>Pichleri,</span> <span class='ocrx_word' id='word_1_37' title='bbox 635 561 995 616; x_wconf 84' lang='lat' dir='ltr'>glabriusculum,</span> <span class='ocrx_word' id='word_1_38' title='bbox 1021 562 1219 605; x_wconf 88' lang='lat' dir='ltr'>caulibus</span> <span class='ocrx_word' id='word_1_39' title='bbox 1244 574 1268 605; x_wconf 89' lang='lat' dir='ltr'>e</span> <span class='ocrx_word' id='word_1_40' title='bbox 1294 564 1529 606; x_wconf 80' lang='lat' dir='ltr'>rhizoniate</span> <span class='ocrx_word' id='word_1_41' title='bbox 1554 565 1792 621; x_wconf 85' lang='lat' dir='ltr'>pluricipiti</span> 
     </span>
     <span class='ocr_line' id='line_1_7' title="bbox 77 620 1788 678; baseline 0.001 -12"><span class='ocrx_word' id='word_1_42' title='bbox 77 623 205 666; x_wconf 70' lang='lat' dir='ltr'>tenui</span> <span class='ocrx_word' id='word_1_43' title='bbox 230 620 568 665; x_wconf 76' lang='lat' dir='ltr'>ascendentibus</span> <span class='ocrx_word' id='word_1_44' title='bbox 593 620 867 675; x_wconf 83' lang='lat' dir='ltr'>simplicibus</span> <span class='ocrx_word' id='word_1_45' title='bbox 893 621 1100 663; x_wconf 80' lang='lat' dir='ltr'>tenuibus</span> <span class='ocrx_word' id='word_1_46' title='bbox 1122 625 1246 675; x_wconf 88' lang='lat' dir='ltr'>parte</span> <span class='ocrx_word' id='word_1_47' title='bbox 1264 622 1456 665; x_wconf 84' lang='lat' dir='ltr'>inferiori</span> <span class='ocrx_word' id='word_1_48' title='bbox 1481 623 1658 678; x_wconf 75' lang='lat' dir='ltr'>foliosis,</span> <span class='ocrx_word' id='word_1_49' title='bbox 1676 627 1788 671; x_wconf 83' lang='lat' dir='ltr'>foliis</span> 
     </span>
     <span class='ocr_line' id='line_1_8' title="bbox 81 679 1790 734; baseline 0.002 -10"><span class='ocrx_word' id='word_1_50' title='bbox 81 681 246 724; x_wconf 84' lang='lat' dir='ltr'>infimis</span> <span class='ocrx_word' id='word_1_51' title='bbox 270 680 511 723; x_wconf 80' lang='lat' dir='ltr'>linearibus</span> <span class='ocrx_word' id='word_1_52' title='bbox 543 679 765 730; x_wconf 83' lang='lat' dir='ltr'>brevibus,</span> <span class='ocrx_word' id='word_1_53' title='bbox 791 681 962 721; x_wconf 84' lang='lat' dir='ltr'>caeteris</span> <span class='ocrx_word' id='word_1_54' title='bbox 987 693 1010 722; x_wconf 89' lang='lat' dir='ltr'>a</span> <span class='ocrx_word' id='word_1_55' title='bbox 1037 679 1129 722; x_wconf 88' lang='lat' dir='ltr'>basi</span> <span class='ocrx_word' id='word_1_56' title='bbox 1162 680 1340 722; x_wconf 80' lang='lat' dir='ltr'>dilatata</span> <span class='ocrx_word' id='word_1_57' title='bbox 1369 680 1550 734; x_wconf 83' lang='lat' dir='ltr'>oblonga</span> <span class='ocrx_word' id='word_1_58' title='bbox 1580 684 1790 728; x_wconf 77' lang='lat' dir='ltr'>triiiervia</span> 
     </span>
     <span class='ocr_line' id='line_1_9' title="bbox 84 738 1788 797; baseline 0.002 -14"><span class='ocrx_word' id='word_1_59' title='bbox 84 738 545 789; x_wconf 88' lang='lat' dir='ltr'>lineari-acuminatis,</span> <span class='ocrx_word' id='word_1_60' title='bbox 585 738 832 793; x_wconf 87' lang='lat' dir='ltr'>pedunculo</span> <span class='ocrx_word' id='word_1_61' title='bbox 868 739 993 792; x_wconf 82' lang='lat' dir='ltr'>longo</span> <span class='ocrx_word' id='word_1_62' title='bbox 1033 739 1149 781; x_wconf 88' lang='lat' dir='ltr'>nudo</span> <span class='ocrx_word' id='word_1_63' title='bbox 1186 740 1408 782; x_wconf 83' lang='lat' dir='ltr'>fructifero</span> <span class='ocrx_word' id='word_1_64' title='bbox 1448 741 1788 797; x_wconf 85' lang='lat' dir='ltr'>subincrassato,</span> 
     </span>
     <span class='ocr_line' id='line_1_10' title="bbox 78 797 1789 854; baseline 0.003 -13"><span class='ocrx_word' id='word_1_65' title='bbox 78 799 273 854; x_wconf 86' lang='lat' dir='ltr'>capitulo</span> <span class='ocrx_word' id='word_1_66' title='bbox 297 797 518 850; x_wconf 89' lang='lat' dir='ltr'>mediocri,</span> <span class='ocrx_word' id='word_1_67' title='bbox 541 797 755 840; x_wconf 82' lang='lat' dir='ltr'>involucri</span> <span class='ocrx_word' id='word_1_68' title='bbox 790 797 950 852; x_wconf 82' lang='lat' dir='ltr'>phyllis</span> <span class='ocrx_word' id='word_1_69' title='bbox 975 799 1001 839; x_wconf 88' lang='grc'>8</span> <span class='ocrx_word' id='word_1_70' title='bbox 1024 798 1275 840; x_wconf 87' lang='lat' dir='ltr'>lanceolatis</span> <span class='ocrx_word' id='word_1_71' title='bbox 1303 799 1559 842; x_wconf 80' lang='lat' dir='ltr'>acuminatis</span> <span class='ocrx_word' id='word_1_72' title='bbox 1585 800 1789 846; x_wconf 84' lang='lat' dir='ltr'>flosculos</span> 
     </span>
     <span class='ocr_line' id='line_1_11' title="bbox 85 856 1791 914; baseline 0.002 -14"><span class='ocrx_word' id='word_1_73' title='bbox 85 859 226 901; x_wconf 89' lang='lat' dir='ltr'>luteos</span> <span class='ocrx_word' id='word_1_74' title='bbox 246 861 453 910; x_wconf 83' lang='lat' dir='ltr'>angustos</span> <span class='ocrx_word' id='word_1_75' title='bbox 471 857 627 910; x_wconf 76' lang='lat' dir='ltr'>quarta</span> <span class='ocrx_word' id='word_1_76' title='bbox 645 861 768 910; x_wconf 85' lang='lat' dir='ltr'>parte</span> <span class='ocrx_word' id='word_1_77' title='bbox 785 856 1111 910; x_wconf 77' lang='lat' dir='ltr'>superantibus,</span> <span class='ocrx_word' id='word_1_78' title='bbox 1125 857 1315 900; x_wconf 90' lang='lat' dir='ltr'>acheniis</span> <span class='ocrx_word' id='word_1_79' title='bbox 1331 858 1643 910; x_wconf 79' lang='lat' dir='ltr'>marginalibus</span> <span class='ocrx_word' id='word_1_80' title='bbox 1663 874 1791 914; x_wconf 85' lang='lat' dir='ltr'>angu—</span> 
     </span>
     <span class='ocr_line' id='line_1_12' title="bbox 75 915 1793 970; baseline 0.002 -10"><span class='ocrx_word' id='word_1_81' title='bbox 75 917 182 960; x_wconf 76' lang='lat' dir='ltr'>latis</span> <span class='ocrx_word' id='word_1_82' title='bbox 208 916 401 959; x_wconf 86' lang='lat' dir='ltr'>seriatim</span> <span class='ocrx_word' id='word_1_83' title='bbox 430 915 773 958; x_wconf 85' lang='lat' dir='ltr'>albo-muricatis</span> <span class='ocrx_word' id='word_1_84' title='bbox 795 916 838 958; x_wconf 88' lang='lat' dir='ltr'>in</span> <span class='ocrx_word' id='word_1_85' title='bbox 861 919 1057 958; x_wconf 91' lang='lat' dir='ltr'>rostrum</span> <span class='ocrx_word' id='word_1_86' title='bbox 1086 916 1147 958; x_wconf 73' lang='lat' dir='ltr'>cis</span> <span class='ocrx_word' id='word_1_87' title='bbox 1173 915 1392 970; x_wconf 90' lang='lat' dir='ltr'>subduplo</span> <span class='ocrx_word' id='word_1_88' title='bbox 1426 916 1597 970; x_wconf 88' lang='lat' dir='ltr'>longius</span> <span class='ocrx_word' id='word_1_89' title='bbox 1628 919 1793 964; x_wconf 87' lang='lat' dir='ltr'>abeun—</span> 
     </span>
     <span class='ocr_line' id='line_1_13' title="bbox 83 975 296 1023; baseline -0.009 -5"><span class='ocrx_word' id='word_1_90' title='bbox 83 975 202 1019; x_wconf 70' lang='lat' dir='ltr'>tibus</span> <span class='ocrx_word' id='word_1_91' title='bbox 237 981 296 1023; x_wconf 66' lang='lat'>36.</span> 
     </span>
    </p>

    <p class='ocr_par' dir='ltr' id='par_1_5' title="bbox 131 1047 1344 1094">
     <span class='ocr_line' id='line_1_14' title="bbox 131 1047 1344 1094; baseline -0.002 -9"><span class='ocrx_word' id='word_1_92' title='bbox 131 1049 233 1085; x_wconf 88' lang='lat' dir='ltr'>Hab.</span> <span class='ocrx_word' id='word_1_93' title='bbox 252 1049 292 1084; x_wconf 91' lang='lat' dir='ltr'>in</span> <span class='ocrx_word' id='word_1_94' title='bbox 315 1047 517 1083; x_wconf 88' lang='lat' dir='ltr'>montibus</span> <span class='ocrx_word' id='word_1_95' title='bbox 536 1057 656 1094; x_wconf 87' lang='lat' dir='ltr'>supra</span> <span class='ocrx_word' id='word_1_96' title='bbox 677 1047 893 1083; x_wconf 82' lang='lat' dir='ltr'>Mondania</span> <span class='ocrx_word' id='word_1_97' title='bbox 912 1047 1112 1094; x_wconf 81' lang='lat' dir='ltr'>Bithyniae</span> <span class='ocrx_word' id='word_1_98' title='bbox 1127 1047 1344 1094; x_wconf 83' lang='lat' dir='ltr'>(Pichlerl).</span> 
     </span>
    </p>
   </div>
   <div class='ocr_carea' id='block_1_5' title="bbox 78 1111 1793 1301">
    <p class='ocr_par' dir='ltr' id='par_1_6' title="bbox 78 1111 1793 1301">
     <span class='ocr_line' id='line_1_15' title="bbox 131 1111 1792 1162; baseline 0.002 -14"><span class='ocrx_word' id='word_1_99' title='bbox 131 1112 226 1148; x_wconf 87' lang='lat' dir='ltr'>Fere</span> <span class='ocrx_word' id='word_1_100' title='bbox 241 1112 391 1162; x_wconf 75' lang='lat' dir='ltr'>pedale2</span> <span class='ocrx_word' id='word_1_101' title='bbox 403 1111 576 1158; x_wconf 85' lang='lat' dir='ltr'>capitula</span> <span class='ocrx_word' id='word_1_102' title='bbox 593 1111 764 1147; x_wconf 83' lang='lat' dir='ltr'>florifera</span> <span class='ocrx_word' id='word_1_103' title='bbox 781 1111 975 1158; x_wconf 80' lang='lat' dir='ltr'>pollicem,</span> <span class='ocrx_word' id='word_1_104' title='bbox 989 1112 1186 1148; x_wconf 76' lang='lat' dir='ltr'>fructifera</span> <span class='ocrx_word' id='word_1_105' title='bbox 1198 1122 1287 1148; x_wconf 92' lang='lat' dir='ltr'>cum</span> <span class='ocrx_word' id='word_1_106' title='bbox 1303 1122 1431 1158; x_wconf 86' lang='lat' dir='ltr'>pappo</span> <span class='ocrx_word' id='word_1_107' title='bbox 1447 1113 1469 1149; x_wconf 75' lang='lat'><strong>2</strong></span> <span class='ocrx_word' id='word_1_108' title='bbox 1484 1113 1647 1159; x_wconf 84' lang='lat' dir='ltr'>pollices</span> <span class='ocrx_word' id='word_1_109' title='bbox 1662 1115 1792 1162; x_wconf 81' lang='lat' dir='ltr'>longa.</span> 
     </span>
     <span class='ocr_line' id='line_1_16' title="bbox 85 1158 1793 1206; baseline 0.002 -10"><span class='ocrx_word' id='word_1_110' title='bbox 85 1160 243 1197; x_wconf 83' lang='lat' dir='ltr'>Radicis</span> <span class='ocrx_word' id='word_1_111' title='bbox 270 1160 506 1206; x_wconf 78' lang='lat' dir='ltr'>plui-icipitis</span> <span class='ocrx_word' id='word_1_112' title='bbox 526 1162 571 1194; x_wconf 90' lang='lat' dir='ltr'>ut</span> <span class='ocrx_word' id='word_1_113' title='bbox 591 1159 745 1194; x_wconf 81' lang='lat' dir='ltr'>videtur</span> <span class='ocrx_word' id='word_1_114' title='bbox 768 1159 949 1205; x_wconf 85' lang='lat' dir='ltr'>perennis</span> <span class='ocrx_word' id='word_1_115' title='bbox 981 1158 1127 1203; x_wconf 85' lang='lat' dir='ltr'>indole,</span> <span class='ocrx_word' id='word_1_116' title='bbox 1145 1159 1377 1206; x_wconf 82' lang='lat' dir='ltr'>pedunculis</span> <span class='ocrx_word' id='word_1_117' title='bbox 1396 1163 1432 1195; x_wconf 87' lang='lat' dir='ltr'>et</span> <span class='ocrx_word' id='word_1_118' title='bbox 1459 1161 1633 1197; x_wconf 87' lang='lat' dir='ltr'>acheniis</span> <span class='ocrx_word' id='word_1_119' title='bbox 1662 1163 1793 1199; x_wconf 87' lang='lat' dir='ltr'>minus</span> 
     </span>
     <span class='ocr_line' id='line_1_17' title="bbox 83 1205 1793 1256; baseline 0.002 -13"><span class='ocrx_word' id='word_1_120' title='bbox 83 1207 310 1243; x_wconf 81' lang='lat' dir='ltr'>incrassatis</span> <span class='ocrx_word' id='word_1_121' title='bbox 328 1217 350 1242; x_wconf 84' lang='lat' dir='ltr'>a</span> <span class='ocrx_word' id='word_1_122' title='bbox 367 1207 493 1242; x_wconf 78' lang='lat' dir='ltr'>forma</span> <span class='ocrx_word' id='word_1_123' title='bbox 519 1206 773 1253; x_wconf 75' lang='lat' dir='ltr'>stenophylla</span> <span class='ocrx_word' id='word_1_124' title='bbox 798 1205 838 1241; x_wconf 91' lang='lat' dir='ltr'>T.</span> <span class='ocrx_word' id='word_1_125' title='bbox 861 1205 1028 1252; x_wconf 70' lang='lat' dir='ltr'>maycrz&#39;s</span> <span class='ocrx_word' id='word_1_126' title='bbox 1056 1206 1243 1250; x_wconf 86' lang='lat' dir='ltr'>alienum,</span> <span class='ocrx_word' id='word_1_127' title='bbox 1261 1217 1284 1242; x_wconf 88' lang='lat' dir='ltr'>a</span> <span class='ocrx_word' id='word_1_128' title='bbox 1306 1206 1349 1242; x_wconf 85' lang='lat' dir='ltr'>T.</span> <span class='ocrx_word' id='word_1_129' title='bbox 1373 1206 1576 1255; x_wconf 72' lang='lat' dir='ltr'>Olympico</span> <span class='ocrx_word' id='word_1_130' title='bbox 1594 1211 1630 1244; x_wconf 89' lang='lat' dir='ltr'>et</span> <span class='ocrx_word' id='word_1_131' title='bbox 1651 1210 1793 1256; x_wconf 75' lang='lat' dir='ltr'>pusillo</span> 
     </span>
     <span class='ocr_line' id='line_1_18' title="bbox 78 1253 1535 1301; baseline -0.001 -10"><span class='ocrx_word' id='word_1_132' title='bbox 78 1253 256 1301; x_wconf 76' lang='lat' dir='ltr'>capitulo</span> <span class='ocrx_word' id='word_1_133' title='bbox 274 1254 425 1300; x_wconf 83' lang='lat' dir='ltr'>maj0ri,</span> <span class='ocrx_word' id='word_1_134' title='bbox 444 1253 593 1300; x_wconf 83' lang='lat' dir='ltr'>phyllis</span> <span class='ocrx_word' id='word_1_135' title='bbox 612 1253 795 1289; x_wconf 83' lang='lat' dir='ltr'>flosculos</span> <span class='ocrx_word' id='word_1_136' title='bbox 814 1257 1004 1299; x_wconf 85' lang='lat' dir='ltr'>angustos</span> <span class='ocrx_word' id='word_1_137' title='bbox 1025 1254 1304 1300; x_wconf 81' lang='lat' dir='ltr'>superantibus</span> <span class='ocrx_word' id='word_1_138' title='bbox 1321 1254 1535 1290; x_wconf 86' lang='lat' dir='ltr'>diversum.</span> 
     </span>
    </p>
   </div>
   <div class='ocr_carea' id='block_1_6' title="bbox 79 1379 1799 2233">
    <p class='ocr_par' dir='ltr' id='par_1_7' title="bbox 79 1379 1796 2025">
     <span class='ocr_line' id='line_1_19' title="bbox 146 1379 1791 1437; baseline 0.002 -13"><span class='ocrx_word' id='word_1_139' title='bbox 146 1382 216 1424; x_wconf 64' lang='lat'>202.</span> <span class='ocrx_word' id='word_1_140' title='bbox 249 1381 302 1424; x_wconf 89' lang='lat' dir='ltr'>T.</span> <span class='ocrx_word' id='word_1_141' title='bbox 337 1380 627 1436; x_wconf 86' lang='lat' dir='ltr'>pusillum</span> <span class='ocrx_word' id='word_1_142' title='bbox 661 1379 787 1435; x_wconf 74' lang='grc' dir='ltr'>(ΜΒ.</span> <span class='ocrx_word' id='word_1_143' title='bbox 809 1380 938 1423; x_wconf 89' lang='lat' dir='ltr'>Taur.</span> <span class='ocrx_word' id='word_1_144' title='bbox 960 1379 1086 1422; x_wconf 89' lang='lat' dir='ltr'>Cauc.</span> <span class='ocrx_word' id='word_1_145' title='bbox 1105 1380 1257 1436; x_wconf 87' lang='lat' dir='ltr'>Suppl.</span> <span class='ocrx_word' id='word_1_146' title='bbox 1277 1394 1317 1436; x_wconf 87' lang='lat' dir='ltr'>p.</span> <span class='ocrx_word' id='word_1_147' title='bbox 1336 1382 1441 1437; x_wconf 75' lang='lat'>5⁶21)</span> <span class='ocrx_word' id='word_1_148' title='bbox 1475 1382 1791 1427; x_wconf 87' lang='lat' dir='ltr'>subfloccosum</span> 
     </span>
     <span class='ocr_line' id='line_1_20' title="bbox 86 1438 1793 1494; baseline 0.001 -10"><span class='ocrx_word' id='word_1_149' title='bbox 86 1441 262 1484; x_wconf 75' lang='lat' dir='ltr'>tandem</span> <span class='ocrx_word' id='word_1_150' title='bbox 297 1439 518 1489; x_wconf 74' lang='lat' dir='ltr'>deici-silc,</span> <span class='ocrx_word' id='word_1_151' title='bbox 557 1438 701 1481; x_wconf 79' lang='lat' dir='ltr'>radice</span> <span class='ocrx_word' id='word_1_152' title='bbox 738 1439 928 1482; x_wconf 83' lang='lat' dir='ltr'>verticali</span> <span class='ocrx_word' id='word_1_153' title='bbox 965 1439 1008 1481; x_wconf 92' lang='lat' dir='ltr'>in</span> <span class='ocrx_word' id='word_1_154' title='bbox 1044 1440 1173 1483; x_wconf 84' lang='lat' dir='ltr'>tuber</span> <span class='ocrx_word' id='word_1_155' title='bbox 1206 1440 1438 1494; x_wconf 85' lang='lat' dir='ltr'>oblongum</span> <span class='ocrx_word' id='word_1_156' title='bbox 1473 1442 1636 1493; x_wconf 79' lang='lat' dir='ltr'>inflata,</span> <span class='ocrx_word' id='word_1_157' title='bbox 1672 1445 1793 1487; x_wconf 87' lang='lat' dir='ltr'>caule</span> 
     </span>
     <span class='ocr_line' id='line_1_21' title="bbox 81 1498 1790 1554; baseline 0 -9"><span class='ocrx_word' id='word_1_158' title='bbox 81 1500 251 1554; x_wconf 81' lang='lat' dir='ltr'>,pumilo</span> <span class='ocrx_word' id='word_1_159' title='bbox 277 1498 461 1553; x_wconf 81' lang='lat' dir='ltr'>simplici</span> <span class='ocrx_word' id='word_1_160' title='bbox 488 1498 554 1541; x_wconf 90' lang='lat' dir='ltr'>vel</span> <span class='ocrx_word' id='word_1_161' title='bbox 577 1498 669 1540; x_wconf 88' lang='lat' dir='ltr'>basi</span> <span class='ocrx_word' id='word_1_162' title='bbox 697 1500 768 1540; x_wconf 49' lang='lat'>1⁴22</span> <span class='ocrx_word' id='word_1_163' title='bbox 792 1498 925 1541; x_wconf 90' lang='lat' dir='ltr'>ramis</span> <span class='ocrx_word' id='word_1_164' title='bbox 946 1499 1267 1554; x_wconf 88' lang='lat' dir='ltr'>monocephalis</span> <span class='ocrx_word' id='word_1_165' title='bbox 1289 1503 1428 1551; x_wconf 86' lang='lat' dir='ltr'>aucto,</span> <span class='ocrx_word' id='word_1_166' title='bbox 1456 1501 1567 1543; x_wconf 84' lang='lat' dir='ltr'>foliis</span> <span class='ocrx_word' id='word_1_167' title='bbox 1591 1502 1790 1545; x_wconf 89' lang='lat' dir='ltr'>radicali-</span> 
     </span>
     <span class='ocr_line' id='line_1_22' title="bbox 86 1557 1794 1612; baseline 0.002 -10"><span class='ocrx_word' id='word_1_168' title='bbox 86 1560 170 1602; x_wconf 93' lang='lat' dir='ltr'>bus</span> <span class='ocrx_word' id='word_1_169' title='bbox 193 1562 373 1612; x_wconf 82' lang='lat' dir='ltr'>anguste</span> <span class='ocrx_word' id='word_1_170' title='bbox 394 1557 631 1600; x_wconf 80' lang='lat' dir='ltr'>linearibus</span> <span class='ocrx_word' id='word_1_171' title='bbox 657 1557 952 1600; x_wconf 85' lang='lat' dir='ltr'>canaliculatis</span> <span class='ocrx_word' id='word_1_172' title='bbox 979 1558 1239 1601; x_wconf 79' lang='lat' dir='ltr'>5-7-nerviis</span> <span class='ocrx_word' id='word_1_173' title='bbox 1264 1558 1486 1601; x_wconf 89' lang='lat' dir='ltr'>interdum</span> <span class='ocrx_word' id='word_1_174' title='bbox 1511 1560 1735 1604; x_wconf 86' lang='lat' dir='ltr'>undulatis</span> <span class='ocrx_word' id='word_1_175' title='bbox 1753 1566 1794 1605; x_wconf 90' lang='lat' dir='ltr'>et</span> 
     </span>
     <span class='ocr_line' id='line_1_23' title="bbox 80 1615 1791 1674; baseline 0.001 -13"><span class='ocrx_word' id='word_1_176' title='bbox 80 1617 350 1663; x_wconf 77' lang='lat' dir='ltr'>circinnatis,</span> <span class='ocrx_word' id='word_1_177' title='bbox 379 1615 561 1659; x_wconf 83' lang='lat' dir='ltr'>caulinis</span> <span class='ocrx_word' id='word_1_178' title='bbox 595 1629 618 1658; x_wconf 90' lang='lat' dir='ltr'>a</span> <span class='ocrx_word' id='word_1_179' title='bbox 653 1616 743 1658; x_wconf 85' lang='lat' dir='ltr'>basi</span> <span class='ocrx_word' id='word_1_180' title='bbox 781 1616 906 1658; x_wconf 85' lang='lat' dir='ltr'>valde</span> <span class='ocrx_word' id='word_1_181' title='bbox 933 1616 1107 1660; x_wconf 77' lang='lat' dir='ltr'>dilatata</span> <span class='ocrx_word' id='word_1_182' title='bbox 1138 1617 1323 1670; x_wconf 82' lang='lat' dir='ltr'>oblonga</span> <span class='ocrx_word' id='word_1_183' title='bbox 1357 1618 1660 1671; x_wconf 79' lang='lat' dir='ltr'>amplexicauli</span> <span class='ocrx_word' id='word_1_184' title='bbox 1693 1621 1791 1674; x_wconf 86' lang='lat' dir='ltr'>plus</span> 
     </span>
     <span class='ocr_line' id='line_1_24' title="bbox 86 1675 1796 1731; baseline 0.001 -12"><span class='ocrx_word' id='word_1_185' title='bbox 86 1677 233 1719; x_wconf 88' lang='lat' dir='ltr'>minus</span> <span class='ocrx_word' id='word_1_186' title='bbox 259 1676 444 1730; x_wconf 82' lang='lat' dir='ltr'>abrupte</span> <span class='ocrx_word' id='word_1_187' title='bbox 473 1675 708 1720; x_wconf 84' lang='lat' dir='ltr'>attenuatis</span> <span class='ocrx_word' id='word_1_188' title='bbox 737 1676 920 1718; x_wconf 86' lang='lat' dir='ltr'>summis</span> <span class='ocrx_word' id='word_1_189' title='bbox 951 1675 1187 1730; x_wconf 88' lang='lat' dir='ltr'>capitulum</span> <span class='ocrx_word' id='word_1_190' title='bbox 1219 1676 1493 1731; x_wconf 78' lang='lat' dir='ltr'>aequantibus</span> <span class='ocrx_word' id='word_1_191' title='bbox 1519 1678 1588 1720; x_wconf 85' lang='lat' dir='ltr'>vel</span> <span class='ocrx_word' id='word_1_192' title='bbox 1617 1679 1796 1721; x_wconf 88' lang='lat' dir='ltr'>sublon-</span> 
     </span>
     <span class='ocr_line' id='line_1_25' title="bbox 86 1734 1796 1791; baseline 0.001 -13"><span class='ocrx_word' id='word_1_193' title='bbox 86 1736 299 1790; x_wconf 78' lang='lat' dir='ltr'>gioribuS,</span> <span class='ocrx_word' id='word_1_194' title='bbox 324 1734 551 1776; x_wconf 80' lang='lat' dir='ltr'>involucro</span> <span class='ocrx_word' id='word_1_195' title='bbox 577 1735 821 1791; x_wconf 82' lang='lat' dir='ltr'>octophyllo</span> <span class='ocrx_word' id='word_1_196' title='bbox 849 1734 995 1788; x_wconf 84' lang='lat' dir='ltr'>ligulis</span> <span class='ocrx_word' id='word_1_197' title='bbox 1030 1734 1203 1777; x_wconf 86' lang='lat' dir='ltr'>flavidis</span> <span class='ocrx_word' id='word_1_198' title='bbox 1234 1736 1392 1779; x_wconf 86' lang='lat' dir='ltr'>subtus</span> <span class='ocrx_word' id='word_1_199' title='bbox 1426 1736 1469 1778; x_wconf 90' lang='lat' dir='ltr'>in</span> <span class='ocrx_word' id='word_1_200' title='bbox 1505 1736 1616 1779; x_wconf 82' lang='lat' dir='ltr'>sicco</span> <span class='ocrx_word' id='word_1_201' title='bbox 1651 1738 1796 1782; x_wconf 90' lang='lat' dir='ltr'>leuco-</span> 
     </span>
     <span class='ocr_line' id='line_1_26' title="bbox 79 1792 1795 1850; baseline 0.002 -13"><span class='ocrx_word' id='word_1_202' title='bbox 79 1793 415 1850; x_wconf 32' lang='lat' dir='ltr'>,phaeo-ruhellis</span> <span class='ocrx_word' id='word_1_203' title='bbox 440 1792 742 1845; x_wconf 77' lang='lat' dir='ltr'>subbreviore‚</span> <span class='ocrx_word' id='word_1_204' title='bbox 764 1793 955 1836; x_wconf 89' lang='lat' dir='ltr'>acheniis</span> <span class='ocrx_word' id='word_1_205' title='bbox 979 1794 1144 1836; x_wconf 86' lang='lat' dir='ltr'>striatis</span> <span class='ocrx_word' id='word_1_206' title='bbox 1167 1794 1376 1837; x_wconf 84' lang='lat' dir='ltr'>brevibus</span> <span class='ocrx_word' id='word_1_207' title='bbox 1399 1795 1442 1836; x_wconf 88' lang='lat' dir='ltr'>in</span> <span class='ocrx_word' id='word_1_208' title='bbox 1469 1799 1662 1838; x_wconf 87' lang='lat' dir='ltr'>rostrum</span> <span class='ocrx_word' id='word_1_209' title='bbox 1682 1809 1795 1840; x_wconf 86' lang='lat' dir='ltr'>cras-</span> 
     </span>
     <span class='ocr_line' id='line_1_27' title="bbox 86 1852 1793 1907; baseline 0.001 -11"><span class='ocrx_word' id='word_1_210' title='bbox 86 1853 330 1896; x_wconf 90' lang='lat' dir='ltr'>siusculum</span> <span class='ocrx_word' id='word_1_211' title='bbox 371 1853 435 1894; x_wconf 89' lang='lat' dir='ltr'>cis</span> <span class='ocrx_word' id='word_1_212' title='bbox 476 1852 654 1895; x_wconf 86' lang='lat' dir='ltr'>dimidio</span> <span class='ocrx_word' id='word_1_213' title='bbox 695 1852 872 1896; x_wconf 84' lang='lat' dir='ltr'>brevius</span> <span class='ocrx_word' id='word_1_214' title='bbox 917 1852 1152 1895; x_wconf 88' lang='lat' dir='ltr'>attenuatis</span> <span class='ocrx_word' id='word_1_215' title='bbox 1194 1853 1504 1907; x_wconf 83' lang='lat' dir='ltr'>marginalibus</span> <span class='ocrx_word' id='word_1_216' title='bbox 1552 1855 1605 1897; x_wconf 89' lang='lat' dir='ltr'>ad</span> <span class='ocrx_word' id='word_1_217' title='bbox 1652 1859 1793 1899; x_wconf 90' lang='lat' dir='ltr'>costas</span> 
     </span>
     <span class='ocr_line' id='line_1_28' title="bbox 86 1910 1791 1967; baseline 0.001 -12"><span class='ocrx_word' id='word_1_218' title='bbox 86 1911 335 1967; x_wconf 80' lang='lat' dir='ltr'>squamulis</span> <span class='ocrx_word' id='word_1_219' title='bbox 373 1911 483 1954; x_wconf 89' lang='lat' dir='ltr'>albis</span> <span class='ocrx_word' id='word_1_220' title='bbox 519 1912 746 1954; x_wconf 83' lang='lat' dir='ltr'>muricatis</span> <span class='ocrx_word' id='word_1_221' title='bbox 784 1918 843 1958; x_wconf 72' lang='lat'>26.</span> <span class='ocrx_word' id='word_1_222' title='bbox 879 1911 920 1954; x_wconf 88' lang='lat' dir='ltr'>T.</span> <span class='ocrx_word' id='word_1_223' title='bbox 960 1910 1216 1954; x_wconf 76' lang='lat' dir='ltr'>tuberosum</span> <span class='ocrx_word' id='word_1_224' title='bbox 1250 1910 1293 1953; x_wconf 89' lang='lat' dir='ltr'>C.</span> <span class='ocrx_word' id='word_1_225' title='bbox 1331 1912 1448 1955; x_wconf 86' lang='lat' dir='ltr'>Koch</span> <span class='ocrx_word' id='word_1_226' title='bbox 1481 1913 1607 1956; x_wconf 84' lang='lat' dir='ltr'>Linu.</span> <span class='ocrx_word' id='word_1_227' title='bbox 1649 1914 1791 1966; x_wconf 85' lang='lat' dir='ltr'>XXII,</span> 
     </span>
     <span class='ocr_line' id='line_1_29' title="bbox 87 1969 1285 2025; baseline -0.002 -11"><span class='ocrx_word' id='word_1_228' title='bbox 87 1985 128 2025; x_wconf 87' lang='lat' dir='ltr'>p.</span> <span class='ocrx_word' id='word_1_229' title='bbox 156 1971 254 2013; x_wconf 71' lang='lat'>662.</span> <span class='ocrx_word' id='word_1_230' title='bbox 275 1992 335 2003; x_wconf 90' lang='lat'>-</span> <span class='ocrx_word' id='word_1_231' title='bbox 361 1970 400 2013; x_wconf 86' lang='grc' dir='ltr'>Τ.</span> <span class='ocrx_word' id='word_1_232' title='bbox 421 1972 632 2023; x_wconf 74' lang='lat' dir='ltr'>pra-tense</span> <span class='ocrx_word' id='word_1_233' title='bbox 656 1970 686 2024; x_wconf 81' lang='grc' dir='ltr'><em>β</em></span> <span class='ocrx_word' id='word_1_234' title='bbox 714 1969 1000 2023; x_wconf 59' lang='lat' dir='ltr'>omophorum</span> <span class='ocrx_word' id='word_1_235' title='bbox 1024 1983 1102 2014; x_wconf 71' lang='lat' dir='ltr'>uc.</span> <span class='ocrx_word' id='word_1_236' title='bbox 1130 1971 1285 2014; x_wconf 89' lang='lat' dir='ltr'>Prodr.</span> 
     </span>
    </p>

    <p class='ocr_par' dir='ltr' id='par_1_8' title="bbox 80 2043 1799 2233">
     <span class='ocr_line' id='line_1_30' title="bbox 135 2043 1793 2093; baseline 0.002 -13"><span class='ocrx_word' id='word_1_237' title='bbox 135 2044 237 2080; x_wconf 84' lang='lat' dir='ltr'>Hah.</span> <span class='ocrx_word' id='word_1_238' title='bbox 265 2043 307 2079; x_wconf 89' lang='lat' dir='ltr'>in</span> <span class='ocrx_word' id='word_1_239' title='bbox 335 2043 506 2089; x_wconf 73' lang='lat' dir='ltr'>Georgia</span> <span class='ocrx_word' id='word_1_240' title='bbox 530 2043 745 2079; x_wconf 77' lang='lat' dir='ltr'>Caucasica</span> <span class='ocrx_word' id='word_1_241' title='bbox 774 2043 815 2079; x_wconf 91' lang='lat' dir='ltr'>in</span> <span class='ocrx_word' id='word_1_242' title='bbox 846 2043 968 2079; x_wconf 85' lang='lat' dir='ltr'>aridis</span> <span class='ocrx_word' id='word_1_243' title='bbox 998 2044 1047 2079; x_wconf 88' lang='lat' dir='ltr'>ad</span> <span class='ocrx_word' id='word_1_244' title='bbox 1080 2044 1174 2079; x_wconf 89' lang='lat' dir='ltr'>ssuv.</span> <span class='ocrx_word' id='word_1_245' title='bbox 1192 2043 1311 2080; x_wconf 90' lang='lat' dir='ltr'>Weru</span> <span class='ocrx_word' id='word_1_246' title='bbox 1370 2054 1461 2091; x_wconf 90' lang='lat' dir='ltr'>rope</span> <span class='ocrx_word' id='word_1_247' title='bbox 1492 2045 1603 2081; x_wconf 74' lang='lat' dir='ltr'>Titiis</span> <span class='ocrx_word' id='word_1_248' title='bbox 1623 2046 1793 2093; x_wconf 82' lang='lat' dir='ltr'>(Rupri),</span> 
     </span>
     <span class='ocr_line' id='line_1_31' title="bbox 80 2055 1797 2185; baseline 0.002 -10"><span class='ocrx_word' id='word_1_249' title='bbox 80 2102 208 2175; x_wconf 53' lang='lat' dir='ltr'>{fiete</span> <span class='ocrx_word' id='word_1_250' title='bbox 216 2090 759 2176; x_wconf 49' lang='lat' dir='ltr'>ffssssssttcaiissrigidtib&amp;</span> <span class='ocrx_word' id='word_1_251' title='bbox 772 2055 1407 2174; x_wconf 48' lang='lat' dir='ltr'>0⁶¹?{eritifitfflsiffiess&#39;ap‘’1322‘1123153122</span> <span class='ocrx_word' id='word_1_252' title='bbox 1412 2120 1420 2136; x_wconf 80' lang='lat'>⁷</span> <span class='ocrx_word' id='word_1_253' title='bbox 1438 2091 1797 2185; x_wconf 47' lang='grc' dir='ltr'>ἓῗῗὲῗιέοςῗὲῑὲἳέἰ</span> 
     </span>
     <span class='ocr_line' id='line_1_32' title="bbox 84 2149 1799 2233; baseline 0.001 -11"><span class='ocrx_word' id='word_1_254' title='bbox 84 2185 231 2222; x_wconf 79' lang='lat' dir='ltr'>Grusia</span> <span class='ocrx_word' id='word_1_255' title='bbox 249 2185 310 2229; x_wconf 87' lang='lat' dir='ltr'>(C.</span> <span class='ocrx_word' id='word_1_256' title='bbox 334 2184 490 2229; x_wconf 84' lang='lat' dir='ltr'>Kochl),</span> <span class='ocrx_word' id='word_1_257' title='bbox 507 2179 656 2227; x_wconf 79' lang='lat' dir='ltr'>ditione</span> <span class='ocrx_word' id='word_1_258' title='bbox 677 2184 851 2230; x_wconf 88' lang='lat' dir='ltr'>Talysch</span> <span class='ocrx_word' id='word_1_259' title='bbox 873 2185 1077 2230; x_wconf 63' lang='lat' dir='ltr'>(Homul),</span> <span class='ocrx_word' id='word_1_260' title='bbox 1099 2149 1285 2221; x_wconf 71' lang='lat' dir='ltr'>Armgenia</span> <span class='ocrx_word' id='word_1_261' title='bbox 1306 2185 1469 2222; x_wconf 74' lang='lat' dir='ltr'>Rossica</span> <span class='ocrx_word' id='word_1_262' title='bbox 1482 2150 1524 2222; x_wconf 60' lang='lat' dir='ltr'>{t</span> <span class='ocrx_word' id='word_1_263' title='bbox 1542 2197 1654 2233; x_wconf 86' lang='lat' dir='ltr'>prov.</span> <span class='ocrx_word' id='word_1_264' title='bbox 1674 2152 1799 2224; x_wconf 51' lang='lat' dir='ltr'>Ager?</span> 
     </span>
    </p>
   </div>
   <div class='ocr_carea' id='block_1_7' title="bbox 86 2231 1796 2326">
    <p class='ocr_par' dir='ltr' id='par_1_9' title="bbox 86 2231 1796 2326">
     <span class='ocr_line' id='line_1_33' title="bbox 86 2231 1796 2315; baseline 0.002 -46"><span class='ocrx_word' id='word_1_265' title='bbox 86 2232 222 2279; x_wconf 84' lang='lat' dir='ltr'>bidjan</span> <span class='ocrx_word' id='word_1_266' title='bbox 242 2232 292 2268; x_wconf 86' lang='lat' dir='ltr'>ad</span> <span class='ocrx_word' id='word_1_267' title='bbox 310 2231 413 2286; x_wconf 76' lang='lat' dir='ltr'>Khoi</span> <span class='ocrx_word' id='word_1_268' title='bbox 427 2231 590 2276; x_wconf 79' lang='lat' dir='ltr'>(Szovl).</span> <span class='ocrx_word' id='word_1_269' title='bbox 605 2231 826 2315; x_wconf 57' lang='lat' dir='ltr'>Specimina</span> <span class='ocrx_word' id='word_1_270' title='bbox 845 2232 1015 2267; x_wconf 83' lang='lat' dir='ltr'>florifera</span> <span class='ocrx_word' id='word_1_271' title='bbox 1029 2242 1075 2268; x_wconf 85' lang='lat' dir='ltr'>ex</span> <span class='ocrx_word' id='word_1_272' title='bbox 1092 2232 1193 2278; x_wconf 80' lang='lat' dir='ltr'>Elija</span> <span class='ocrx_word' id='word_1_273' title='bbox 1208 2233 1406 2286; x_wconf 81' lang='lat' dir='ltr'>Armeniae</span> <span class='ocrx_word' id='word_1_274' title='bbox 1421 2233 1595 2270; x_wconf 86' lang='lat' dir='ltr'>Turcicae</span> <span class='ocrx_word' id='word_1_275' title='bbox 1609 2237 1645 2270; x_wconf 87' lang='lat' dir='ltr'>et</span> <span class='ocrx_word' id='word_1_276' title='bbox 1664 2239 1796 2272; x_wconf 88' lang='lat' dir='ltr'>monte</span> 
     </span>
     <span class='ocr_line' id='line_1_34' title="bbox 88 2278 1475 2326; baseline -0.001 -10"><span class='ocrx_word' id='word_1_277' title='bbox 88 2279 250 2316; x_wconf 89' lang='lat' dir='ltr'>Elamut</span> <span class='ocrx_word' id='word_1_278' title='bbox 265 2279 409 2316; x_wconf 79' lang='lat' dir='ltr'>Persiae</span> <span class='ocrx_word' id='word_1_279' title='bbox 427 2279 507 2314; x_wconf 88' lang='lat' dir='ltr'>bor.</span> <span class='ocrx_word' id='word_1_280' title='bbox 528 2280 629 2324; x_wconf 84' lang='lat' dir='ltr'>(Auo</span> <span class='ocrx_word' id='word_1_281' title='bbox 661 2308 667 2314; x_wconf 91' lang='lat'>.</span> <span class='ocrx_word' id='word_1_282' title='bbox 687 2278 799 2324; x_wconf 83' lang='grc'>4884)</span> <span class='ocrx_word' id='word_1_283' title='bbox 820 2278 895 2315; x_wconf 89' lang='lat' dir='ltr'>huc</span> <span class='ocrx_word' id='word_1_284' title='bbox 914 2289 1071 2326; x_wconf 88' lang='lat' dir='ltr'>quoque</span> <span class='ocrx_word' id='word_1_285' title='bbox 1089 2282 1263 2326; x_wconf 83' lang='lat' dir='ltr'>spectare</span> <span class='ocrx_word' id='word_1_286' title='bbox 1281 2279 1475 2316; x_wconf 76' lang='lat' dir='ltr'>videntur.</span> 
     </span>
    </p>
   </div>
   <div class='ocr_carea' id='block_1_8' title="bbox 81 2343 1798 2674">
    <p class='ocr_par' dir='ltr' id='par_1_10' title="bbox 81 2343 1798 2674">
     <span class='ocr_line' id='line_1_35' title="bbox 136 2343 1797 2393; baseline 0.001 -13"><span class='ocrx_word' id='word_1_287' title='bbox 136 2344 277 2381; x_wconf 85' lang='lat' dir='ltr'>Planta</span> <span class='ocrx_word' id='word_1_288' title='bbox 296 2343 486 2390; x_wconf 85' lang='lat' dir='ltr'>palmaris</span> <span class='ocrx_word' id='word_1_289' title='bbox 504 2343 631 2379; x_wconf 87' lang='lat' dir='ltr'>rarius</span> <span class='ocrx_word' id='word_1_290' title='bbox 648 2343 902 2390; x_wconf 85' lang='lat' dir='ltr'>semipedalis</span> <span class='ocrx_word' id='word_1_291' title='bbox 920 2343 1047 2379; x_wconf 77' lang='lat' dir='ltr'>radice</span> <span class='ocrx_word' id='word_1_292' title='bbox 1063 2343 1485 2380; x_wconf 74' lang='lat' dir='ltr'>tuberoso-incrassata</span> <span class='ocrx_word' id='word_1_293' title='bbox 1499 2344 1679 2390; x_wconf 84' lang='lat' dir='ltr'>insigniS,</span> <span class='ocrx_word' id='word_1_294' title='bbox 1693 2347 1797 2393; x_wconf 90' lang='lat' dir='ltr'>capi·</span> 
     </span>
     <span class='ocr_line' id='line_1_36' title="bbox 81 2389 1797 2439; baseline 0.001 -12"><span class='ocrx_word' id='word_1_295' title='bbox 81 2391 171 2428; x_wconf 69' lang='lat' dir='ltr'>tuta</span> <span class='ocrx_word' id='word_1_296' title='bbox 189 2401 259 2438; x_wconf 88' lang='lat' dir='ltr'>pro</span> <span class='ocrx_word' id='word_1_297' title='bbox 305 2391 423 2427; x_wconf 82' lang='lat' dir='ltr'>lautae</span> <span class='ocrx_word' id='word_1_298' title='bbox 443 2389 715 2436; x_wconf 84' lang='lat' dir='ltr'>magnitudine</span> <span class='ocrx_word' id='word_1_299' title='bbox 739 2390 957 2435; x_wconf 79' lang='lat' dir='ltr'>majuscula</span> <span class='ocrx_word' id='word_1_300' title='bbox 975 2400 1020 2426; x_wconf 88' lang='lat' dir='ltr'>ea</span> <span class='ocrx_word' id='word_1_301' title='bbox 1042 2390 1082 2426; x_wconf 82' lang='lat' dir='ltr'>T.</span> <span class='ocrx_word' id='word_1_302' title='bbox 1095 2390 1365 2437; x_wconf 77' lang='lat' dir='ltr'>yramz&#39;nz&#39;solz&#39;i</span> <span class='ocrx_word' id='word_1_303' title='bbox 1390 2393 1619 2438; x_wconf 85' lang='lat' dir='ltr'>superantia</span> <span class='ocrx_word' id='word_1_304' title='bbox 1677 2392 1797 2439; x_wconf 89' lang='lat' dir='ltr'>hyllis</span> 
     </span>
     <span class='ocr_line' id='line_1_37' title="bbox 81 2436 1797 2485; baseline 0.001 -10"><span class='ocrx_word' id='word_1_305' title='bbox 81 2441 126 2475; x_wconf 81' lang='lat' dir='ltr'>et</span> <span class='ocrx_word' id='word_1_306' title='bbox 152 2438 275 2474; x_wconf 87' lang='lat' dir='ltr'>ssoscu</span> <span class='ocrx_word' id='word_1_307' title='bbox 294 2438 327 2473; x_wconf 90' lang='lat' dir='ltr'>is</span> <span class='ocrx_word' id='word_1_308' title='bbox 348 2436 552 2483; x_wconf 82' lang='lat' dir='ltr'>elongatis.</span> <span class='ocrx_word' id='word_1_309' title='bbox 571 2437 794 2485; x_wconf 83' lang='lat' dir='ltr'>Specimina</span> <span class='ocrx_word' id='word_1_310' title='bbox 813 2447 861 2473; x_wconf 87' lang='lat' dir='ltr'>ex</span> <span class='ocrx_word' id='word_1_311' title='bbox 878 2437 1037 2484; x_wconf 86' lang='lat' dir='ltr'>alpibus</span> <span class='ocrx_word' id='word_1_312' title='bbox 1055 2437 1337 2484; x_wconf 83' lang='lat' dir='ltr'>Daghestaniae</span> <span class='ocrx_word' id='word_1_313' title='bbox 1363 2440 1402 2474; x_wconf 86' lang='lat' dir='ltr'>et</span> <span class='ocrx_word' id='word_1_314' title='bbox 1428 2439 1630 2474; x_wconf 86' lang='lat' dir='ltr'>montibus</span> <span class='ocrx_word' id='word_1_315' title='bbox 1684 2441 1797 2476; x_wconf 85' lang='lat' dir='ltr'>ersiae</span> 
     </span>
     <span class='ocr_line' id='line_1_38' title="bbox 82 2483 1794 2532; baseline 0.001 -11"><span class='ocrx_word' id='word_1_316' title='bbox 82 2487 126 2521; x_wconf 75' lang='lat' dir='ltr'>et</span> <span class='ocrx_word' id='word_1_317' title='bbox 143 2484 338 2522; x_wconf 68' lang='lat' dir='ltr'>Armeniae</span> <span class='ocrx_word' id='word_1_318' title='bbox 357 2483 531 2520; x_wconf 76' lang='lat' dir='ltr'>Tui-cicae</span> <span class='ocrx_word' id='word_1_319' title='bbox 553 2495 642 2532; x_wconf 79' lang='lat' dir='ltr'>quae</span> <span class='ocrx_word' id='word_1_320' title='bbox 661 2484 830 2520; x_wconf 76' lang='lat' dir='ltr'>florifera</span> <span class='ocrx_word' id='word_1_321' title='bbox 850 2487 1003 2520; x_wconf 86' lang='lat' dir='ltr'>tantum</span> <span class='ocrx_word' id='word_1_322' title='bbox 1026 2485 1109 2520; x_wconf 85' lang='lat' dir='ltr'>vidi</span> <span class='ocrx_word' id='word_1_323' title='bbox 1133 2485 1208 2520; x_wconf 76' lang='lat' dir='ltr'>huc</span> <span class='ocrx_word' id='word_1_324' title='bbox 1224 2486 1385 2521; x_wconf 88' lang='lat' dir='ltr'>omnino</span> <span class='ocrx_word' id='word_1_325' title='bbox 1405 2496 1424 2522; x_wconf 90' lang='lat' dir='ltr'>s</span> <span class='ocrx_word' id='word_1_326' title='bbox 1455 2488 1581 2522; x_wconf 81' lang='lat' dir='ltr'>ectare</span> <span class='ocrx_word' id='word_1_327' title='bbox 1597 2486 1794 2523; x_wconf 88' lang='lat' dir='ltr'>videntur.</span> 
     </span>
     <span class='ocr_line' id='line_1_39' title="bbox 88 2531 1798 2579; baseline 0.001 -11"><span class='ocrx_word' id='word_1_328' title='bbox 88 2532 387 2578; x_wconf 84' lang='lat' dir='ltr'>Incommodum</span> <span class='ocrx_word' id='word_1_329' title='bbox 404 2534 462 2567; x_wconf 86' lang='lat' dir='ltr'>est</span> <span class='ocrx_word' id='word_1_330' title='bbox 478 2531 685 2567; x_wconf 83' lang='lat' dir='ltr'>botanicos</span> <span class='ocrx_word' id='word_1_331' title='bbox 706 2541 937 2567; x_wconf 88' lang='lat' dir='ltr'>numerosos</span> <span class='ocrx_word' id='word_1_332' title='bbox 954 2531 1022 2578; x_wconf 91' lang='lat' dir='ltr'>qui</span> <span class='ocrx_word' id='word_1_333' title='bbox 1038 2531 1141 2567; x_wconf 86' lang='lat' dir='ltr'>hanc</span> <span class='ocrx_word' id='word_1_334' title='bbox 1156 2531 1326 2579; x_wconf 82' lang='lat' dir='ltr'>speciem</span> <span class='ocrx_word' id='word_1_335' title='bbox 1340 2532 1381 2567; x_wconf 89' lang='lat' dir='ltr'>in</span> <span class='ocrx_word' id='word_1_336' title='bbox 1441 2543 1584 2569; x_wconf 87' lang='lat' dir='ltr'>aucaso</span> <span class='ocrx_word' id='word_1_337' title='bbox 1599 2535 1637 2569; x_wconf 89' lang='lat' dir='ltr'>et</span> <span class='ocrx_word' id='word_1_338' title='bbox 1652 2533 1798 2570; x_wconf 88' lang='lat' dir='ltr'>Trans-</span> 
     </span>
     <span class='ocr_line' id='line_1_40' title="bbox 88 2578 1797 2627; baseline 0.001 -11"><span class='ocrx_word' id='word_1_339' title='bbox 88 2578 268 2616; x_wconf 59' lang='lat' dir='ltr'>caucasis</span> <span class='ocrx_word' id='word_1_340' title='bbox 278 2578 457 2625; x_wconf 84' lang='lat' dir='ltr'>legerunt</span> <span class='ocrx_word' id='word_1_341' title='bbox 468 2579 616 2614; x_wconf 86' lang='lat' dir='ltr'>fructus</span> <span class='ocrx_word' id='word_1_342' title='bbox 632 2578 756 2614; x_wconf 88' lang='lat' dir='ltr'>veluti</span> <span class='ocrx_word' id='word_1_343' title='bbox 772 2578 954 2615; x_wconf 88' lang='lat' dir='ltr'>consulto</span> <span class='ocrx_word' id='word_1_344' title='bbox 967 2578 1198 2624; x_wconf 82' lang='lat' dir='ltr'>neglexisse,</span> <span class='ocrx_word' id='word_1_345' title='bbox 1215 2578 1261 2614; x_wconf 91' lang='lat' dir='ltr'>cl.</span> <span class='ocrx_word' id='word_1_346' title='bbox 1276 2578 1316 2614; x_wconf 89' lang='lat' dir='ltr'>C.</span> <span class='ocrx_word' id='word_1_347' title='bbox 1331 2579 1440 2616; x_wconf 84' lang='lat' dir='ltr'>Koch</span> <span class='ocrx_word' id='word_1_348' title='bbox 1451 2583 1610 2627; x_wconf 80' lang='lat' dir='ltr'>excepto</span> <span class='ocrx_word' id='word_1_349' title='bbox 1625 2591 1673 2617; x_wconf 87' lang='lat' dir='ltr'>ex</span> <span class='ocrx_word' id='word_1_350' title='bbox 1686 2582 1797 2627; x_wconf 77' lang='lat' dir='ltr'>quus</span> 
     </span>
     <span class='ocr_line' id='line_1_41' title="bbox 89 2625 775 2674; baseline -0.003 -11"><span class='ocrx_word' id='word_1_351' title='bbox 89 2625 373 2674; x_wconf 84' lang='lat' dir='ltr'>speciminibus</span> <span class='ocrx_word' id='word_1_352' title='bbox 392 2625 557 2662; x_wconf 83' lang='lat' dir='ltr'>achenia</span> <span class='ocrx_word' id='word_1_353' title='bbox 573 2625 775 2673; x_wconf 86' lang='lat' dir='ltr'>descripsi.</span> 
     </span>
    </p>
   </div>
   <div class='ocr_carea' id='block_1_9' title="bbox 81 2747 1800 3041">
    <p class='ocr_par' dir='ltr' id='par_1_11' title="bbox 81 2747 1800 3041">
     <span class='ocr_line' id='line_1_42' title="bbox 151 2747 1799 2805; baseline 0.002 -14"><span class='ocrx_word' id='word_1_354' title='bbox 151 2750 220 2791; x_wconf 74' lang='lat'>23.</span> <span class='ocrx_word' id='word_1_355' title='bbox 253 2748 310 2792; x_wconf 88' lang='lat' dir='ltr'>T.</span> <span class='ocrx_word' id='word_1_356' title='bbox 346 2747 723 2804; x_wconf 83' lang='lat' dir='ltr'>olympicum</span> <span class='ocrx_word' id='word_1_357' title='bbox 755 2749 916 2799; x_wconf 83' lang='lat' dir='ltr'>(Boiss.</span> <span class='ocrx_word' id='word_1_358' title='bbox 944 2749 1095 2803; x_wconf 85' lang='lat' dir='ltr'>Diagn.</span> <span class='ocrx_word' id='word_1_359' title='bbox 1124 2750 1221 2792; x_wconf 90' lang='lat' dir='ltr'>Ser.</span> <span class='ocrx_word' id='word_1_360' title='bbox 1250 2750 1283 2803; x_wconf 88' lang='lat' dir='ltr'>I,</span> <span class='ocrx_word' id='word_1_361' title='bbox 1316 2751 1382 2801; x_wconf 84' lang='lat'>11,</span> <span class='ocrx_word' id='word_1_362' title='bbox 1408 2762 1450 2803; x_wconf 86' lang='lat' dir='ltr'>p.</span> <span class='ocrx_word' id='word_1_363' title='bbox 1477 2749 1552 2805; x_wconf 80' lang='grc'>46)</span> <span class='ocrx_word' id='word_1_364' title='bbox 1584 2750 1799 2804; x_wconf 85' lang='lat' dir='ltr'>glabrius-</span> 
     </span>
     <span class='ocr_line' id='line_1_43' title="bbox 81 2807 1800 2862; baseline 0 -10"><span class='ocrx_word' id='word_1_365' title='bbox 81 2808 238 2852; x_wconf 85' lang='lat' dir='ltr'>culum</span> <span class='ocrx_word' id='word_1_366' title='bbox 268 2807 412 2851; x_wconf 86' lang='lat' dir='ltr'>radice</span> <span class='ocrx_word' id='word_1_367' title='bbox 438 2807 563 2860; x_wconf 79' lang='lat' dir='ltr'>longa</span> <span class='ocrx_word' id='word_1_368' title='bbox 589 2809 786 2850; x_wconf 76' lang='lat' dir='ltr'>verticali</span> <span class='ocrx_word' id='word_1_369' title='bbox 810 2809 945 2861; x_wconf 86' lang='lat' dir='ltr'>tenui,</span> <span class='ocrx_word' id='word_1_370' title='bbox 974 2808 1082 2851; x_wconf 92' lang='lat' dir='ltr'>collo</span> <span class='ocrx_word' id='word_1_371' title='bbox 1111 2809 1323 2862; x_wconf 74' lang='lat' dir='ltr'>vaginam,</span> <span class='ocrx_word' id='word_1_372' title='bbox 1349 2810 1469 2851; x_wconf 88' lang='lat' dir='ltr'>caule</span> <span class='ocrx_word' id='word_1_373' title='bbox 1504 2809 1668 2862; x_wconf 89' lang='lat' dir='ltr'>pumilo</span> <span class='ocrx_word' id='word_1_374' title='bbox 1696 2811 1800 2852; x_wconf 91' lang='lat' dir='ltr'>sim—</span> 
     </span>
     <span class='ocr_line' id='line_1_44' title="bbox 91 2866 1798 2922; baseline 0.001 -13"><span class='ocrx_word' id='word_1_375' title='bbox 91 2866 192 2922; x_wconf 88' lang='lat' dir='ltr'>plici</span> <span class='ocrx_word' id='word_1_376' title='bbox 230 2867 381 2909; x_wconf 87' lang='lat' dir='ltr'>lolioso</span> <span class='ocrx_word' id='word_1_377' title='bbox 408 2867 477 2909; x_wconf 87' lang='lat' dir='ltr'>vel</span> <span class='ocrx_word' id='word_1_378' title='bbox 513 2866 793 2911; x_wconf 84' lang='lat' dir='ltr'>nudiusculo.</span> <span class='ocrx_word' id='word_1_379' title='bbox 833 2867 944 2910; x_wconf 87' lang='lat' dir='ltr'>foliis</span> <span class='ocrx_word' id='word_1_380' title='bbox 979 2867 1263 2922; x_wconf 82' lang='lat' dir='ltr'>plurinerviis</span> <span class='ocrx_word' id='word_1_381' title='bbox 1300 2879 1436 2911; x_wconf 87' lang='lat' dir='ltr'>nervo</span> <span class='ocrx_word' id='word_1_382' title='bbox 1475 2867 1616 2910; x_wconf 90' lang='lat' dir='ltr'>medio</span> <span class='ocrx_word' id='word_1_383' title='bbox 1654 2868 1798 2911; x_wconf 88' lang='lat' dir='ltr'>albido</span> 
     </span>
     <span class='ocr_line' id='line_1_45' title="bbox 84 2924 1800 2980; baseline 0.001 -12"><span class='ocrx_word' id='word_1_384' title='bbox 84 2925 294 2968; x_wconf 71' lang='lat' dir='ltr'>validiori</span> <span class='ocrx_word' id='word_1_385' title='bbox 328 2924 589 2968; x_wconf 91' lang='lat' dir='ltr'>radicalibus</span> <span class='ocrx_word' id='word_1_386' title='bbox 622 2926 762 2980; x_wconf 87' lang='lat' dir='ltr'>planis</span> <span class='ocrx_word' id='word_1_387' title='bbox 797 2926 1038 2969; x_wconf 85' lang='lat' dir='ltr'>linearibus</span> <span class='ocrx_word' id='word_1_388' title='bbox 1069 2927 1288 2980; x_wconf 87' lang='lat' dir='ltr'>expansis,</span> <span class='ocrx_word' id='word_1_389' title='bbox 1316 2926 1497 2970; x_wconf 87' lang='lat' dir='ltr'>caulinis</span> <span class='ocrx_word' id='word_1_390' title='bbox 1532 2926 1743 2970; x_wconf 82' lang='lat' dir='ltr'>brevibus</span> <span class='ocrx_word' id='word_1_391' title='bbox 1774 2940 1800 2969; x_wconf 90' lang='lat' dir='ltr'>a</span> 
     </span>
     <span class='ocr_line' id='line_1_46' title="bbox 91 2983 1799 3041; baseline 0.002 -14"><span class='ocrx_word' id='word_1_392' title='bbox 91 2988 217 3038; x_wconf 86' lang='lat' dir='ltr'>parte</span> <span class='ocrx_word' id='word_1_393' title='bbox 241 2983 437 3027; x_wconf 75' lang='lat' dir='ltr'>Inferiori</span> <span class='ocrx_word' id='word_1_394' title='bbox 462 2983 637 3027; x_wconf 78' lang='lat' dir='ltr'>dilatata</span> <span class='ocrx_word' id='word_1_395' title='bbox 660 2984 960 3039; x_wconf 84' lang='lat' dir='ltr'>amplexicauli</span> <span class='ocrx_word' id='word_1_396' title='bbox 985 2985 1167 3038; x_wconf 80' lang='lat' dir='ltr'>oblonga</span> <span class='ocrx_word' id='word_1_397' title='bbox 1193 2985 1378 3040; x_wconf 85' lang='lat' dir='ltr'>abrupte</span> <span class='ocrx_word' id='word_1_398' title='bbox 1402 2986 1659 3029; x_wconf 86' lang='lat' dir='ltr'>acuminatis</span> <span class='ocrx_word' id='word_1_399' title='bbox 1683 2999 1799 3041; x_wconf 80' lang='lat' dir='ltr'>saepe</span> 
     </span>
    </p>
   </div>
   <div class='ocr_carea' id='block_1_10' title="bbox 1541 3058 1588 3094">
    <p class='ocr_par' dir='ltr' id='par_1_12' title="bbox 1541 3058 1588 3094">
     <span class='ocr_line' id='line_1_47' title="bbox 1541 3058 1588 3094; baseline -0.021 0"><span class='ocrx_word' id='word_1_400' title='bbox 1541 3058 1588 3094; x_wconf 85' lang='lat'>48</span> 
     </span>
    </p>
   </div>
  </div>
 </body>
</html>
