2090 3291
243 242 320 279 752
978 246 1224 274 COMPOSITAE.
1669 238 1934 289 Trayopoyon
1943 269 1952 278 .

242 325 764 377 attenuato-acuminatis,
787 323 1052 366 radicalibus
1075 322 1157 365 sub
1172 320 1342 364 antbesi
1362 322 1452 376 jam
1467 322 1709 377 exsiccatis,
1732 326 1950 378 supremis

243 384 519 428 brevissimis
545 383 750 432 dilatatis,
775 382 992 426 involucri
1009 381 1183 437 phyllis
1206 381 1312 422 8·1O
1336 380 1526 423 flosculis
1549 382 1678 424 luteis
1706 383 1952 437 marginali-

244 443 328 485 bus
352 442 625 485 radiantibus
648 443 777 484 tertia
800 444 924 496 parte
948 440 1240 486 brevioribus,
1264 439 1457 481 acheniis
1485 441 1798 494 marginalibus
1823 446 1948 485 acute

243 501 500 555 pentagonis
524 501 574 543 ad
601 500 783 553 angulos
811 500 972 542 aculeis
997 497 1335 542 ascendentibus
1356 497 1509 541 obsitis
1536 498 1588 540 ad
1615 498 1746 542 facies
1774 500 1949 543 submu-

240 560 389 602 ricatis
426 559 466 600 in
507 563 702 602 rostrum
735 560 798 601 eis
837 557 1103 601 subdimidio
1131 557 1313 599 brevius
1347 557 1654 600 muriculatum
1695 560 1946 613 attenuatis,

240 630 382 672 pappo
406 617 583 660 sordido
619 624 680 666 36.
712 618 755 660 T.
779 617 1082 670 marginalem
1108 615 1249 658 Boiss.
1274 619 1316 657 et
1343 615 1486 658 Buhse
1510 616 1634 658 Ausz.
1663 628 1715 659 ex
1744 621 1883 671 parte.

260 691 391 772 BHlab.
422 691 461 726 in
494 693 625 726 monte
657 691 845 727 Totscbal
876 700 998 737 prope
1029 689 1209 725 Teheran
1241 688 1333 734 (Ky.
1360 688 1479 733 5921),
1510 689 1549 724 in
1574 690 1762 726 Armenia
1787 691 1948 728 Rossica

238 739 256 782 (
295 749 319 773 u
352 740 443 782 sel).

287 800 347 835 Ex
370 800 484 836 unico
504 803 542 836 et
559 801 796 847 incompleto
816 811 832 835 s
866 801 1030 836 ecimine
1054 799 1306 846 descriptum,
1325 799 1440 834 affine
1463 798 1502 834 Τ.
1519 799 1794 847 yramz‘m'solio
1816 802 1885 839 Sed
1907 805 1949 838 ut

242 847 400 883 videtur
422 848 583 894 propius
601 848 790 883 accedens
851 876 857 882 .
876 846 1166 893 buphtalmoz'dz‘
1180 845 1421 893 stenophyllo
1438 846 1489 881 ob
1510 846 1675 882 achenia
1693 851 1804 883 acute
1827 859 1949 895 angu-

240 893 322 929 lata
344 894 504 940 quidem
536 895 605 930 sed
637 905 715 931 non
743 905 968 941 compressa
1000 904 1070 929 nec
1100 893 1206 929 alata
1237 895 1274 928 et
1297 894 1347 928 ad
1372 893 1542 938 angulos
1571 893 1689 939 longe
1718 895 1948 932 aculeolata.

243 940 388 976 Caules
407 941 578 988 ped-ales,
595 942 690 977 folia
716 942 740 977 2
766 941 894 977 lineas
919 941 1009 986 lata,
1030 941 1238 977 achenium
1266 950 1355 976 cum
1376 944 1502 976 rostro
1519 940 1608 976 9-10
1625 941 1749 977 lineas
1768 942 1945 990 longum.

305 1066 368 1107 19.
403 1065 458 1107 Τ.
484 1065 961 1121 graminifolium
984 1065 1084 1121 (0.0.
1107 1065 1262 1108 Prodr.
1282 1064 1370 1116 Vll,
1391 1078 1429 1119 p.
1461 1063 1564 1119 114)
1587 1064 1946 1117 glabriusculum,

234 1123 348 1166 collo
376 1125 539 1167 fibroso
563 1136 678 1178 saepe
703 1124 955 1179 plu1·ieipit.i‚
992 1123 1192 1166 caulibus
1220 1123 1558 1166 ascendentibus
1582 1124 1650 1166 vel
1675 1125 1834 1168 erectis
1861 1127 1947 1168 ela-

240 1183 296 1224 tis
335 1183 542 1226 tenuibus
566 1183 856 1237 “simplicibus
896 1184 962 1226 vel
1001 1194 1130 1238 parce
1166 1182 1367 1234 ramosis,
1402 1182 1516 1224 foliis
1553 1182 1770 1225 viridibus
1806 1185 1946 1238 planis

236 1241 479 1284 linearibus
526 1243 761 1296 gramineis
812 1243 1023 1285 flexuosis
1070 1241 1590 1285 attenuato-acuminatis
1640 1243 1944 1295 superioribus

233 1299 503 1343 abbreviatis
527 1312 640 1355 saepe
662 1301 865 1350 dilatatis„
888 1301 1152 1355 pedunculis
1176 1313 1261 1343 non
1284 1300 1554 1353 incrassatis,
1577 1300 1779 1354 capitulis
1802 1304 1945 1356 pauci-

236 1359 375 1413 floris,
392 1359 618 1402 involucro
640 1360 886 1415 octopbyllo
905 1360 1098 1404 flosculis
1116 1359 1275 1414 pallide
1293 1359 1421 1401 luteis
1438 1359 1568 1402 tertia
1585 1363 1709 1414 parte
1727 1360 1943 1416 breviore,

234 1418 430 1461 acheniis
453 1418 766 1472 marginalibus
789 1419 1085 1463 teretiusculis
1111 1418 1280 1462 striatis
1306 1417 1653 1460 albo-muricatis
1679 1419 1721 1460 in
1750 1424 1943 1463 rostrum

236 1476 312 1519 vix
334 1477 624 1532 aequilongum
652 1478 720 1520 vel
749 1478 927 1521 brevius
955 1478 1192 1521 attenuatis
1230 1483 1290 1525 26.
1321 1477 1364 1519 T.
1394 1477 1680 1519 Caucasicwn
1710 1477 1819 1521 Holi.
1848 1491 1941 1523 exs.

239 1559 297 1566 —
339 1535 380 1577 T.
417 1535 701 1589 Talyscltcnsc
737 1537 877 1580 Boiss.
915 1541 957 1580 et
992 1537 1140 1580 Bubse
1179 1536 1304 1579 Aufz.
1348 1549 1389 1590 p.
1419 1537 1498 1578 137
1541 1536 1699 1590 (forma
1740 1539 1944 1581 aculeolis

236 1595 521 1637 acheniorum
550 1595 850 1639 obtusioribus
879 1595 1302 1649 verruciformibus).

287 1669 390 1705 Hah.
410 1670 449 1705 in
469 1669 648 1705 Imeretia
666 1670 832 1715 (Szov!),
858 1670 1032 1716 Georgia
1057 1670 1107 1706 ad
1127 1669 1397 1705 Helenendorf
1425 1669 1606 1712 (Hohenl
1627 1670 1703 1705 sub
1726 1669 1768 1706 T.
1793 1669 1943 1706 Cauca-

238 1717 347 1761 sico),
366 1716 512 1752 ditione
530 1717 702 1763 Talysch
722 1718 921 1763 (Buhsel),
950 1719 1085 1754 Persia
1104 1717 1253 1753 boreali
1284 1716 1434 1761 (Buhse
1444 1718 1480 1762 1),
1499 1716 1664 1753 australi
1690 1718 1731 1752 in
1756 1718 1943 1764 pomariis

235 1763 527 1856 ἶᾶἓὲξίἓῶκγ.
545 1764 674 1802 821101
692 1765 861 1812 Ispahan
883 1766 1059 1812 (Hausslz
1073 1765 1162 1810 l)‚in
1180 1766 1313 1800 monte
1333 1763 1486 1800 Kaliser
1499 1764 1764 1800 Kurdistaniae
1783 1765 1947 1800 Persicae

297 1875 341 1929 β.
376 1875 595 1928 Kotschyi.
622 1900 675 1908 -
705 1877 898 1920 Aclienia
925 1877 1165 1921 obsoletius
1201 1880 1457 1920 transverse
1494 1878 1789 1933 squamulosa.
1816 1901 1876 1911 —
1898 1878 1943 1920 T.

236 1934 448 1989 Kotschyi
474 1936 615 1978 Boiss.
642 1936 795 1990 Diagn.
823 1936 916 1979 Ser.
942 1937 974 1989 l,
1001 1938 1069 1991 11,
1090 1950 1131 1992 p.
1157 1938 1226 1979 45.

283 2008 385 2044 Hab.
404 2010 452 2044 ad
473 2010 621 2046 radices
651 2011 737 2057 jugi
766 2010 912 2046 Elbrus
941 2011 1087 2047 Persiae
1107 2011 1198 2058 (Ky.
1217 2011 1328 2057 3721)
1350 2014 1389 2048 et
1412 2013 1557 2048 montis
1577 2012 1809 2049 Demavend
1826 2024 1945 2061 prope

234 2055 321 2091 Ask
339 2056 427 2102 (ΚΥ.
446 2056 561 2103 3721),
581 2068 700 2105 prope
720 2058 926 2094 Sehahrud
944 2058 1043 2104 (Bge
1055 2060 1092 2104 1).

282 2119 424 2155 Pedale
444 2122 480 2155 et
499 2121 680 2167 bipedale
707 2121 861 2166 gracile,
893 2121 988 2157 folia
1011 2122 1087 2157 sub
1118 2122 1407 2168 uinquenervia
1435 2121 1500 2158 2-3
1522 2121 1647 2157 lineas
1666 2122 1764 2167 lata;
1795 2123 1943 2170 species

234 2166 364 2202 affinis
387 2166 427 2203 T.
447 2166 676 2204 brevz'rostri
690 2179 711 2204 a
731 2179 808 2215 quo
831 2169 961 2205 radice
981 2170 1022 2205 ut
1041 2170 1082 2204 vi
1112 2172 1197 2204 etur
1215 2169 1391 2215 perenni,
1416 2168 1516 2205 00110
1534 2169 1691 2215 fibroso,
1711 2172 1778 2205 etc.
1799 2170 1942 2206 differt.

296 2291 366 2333 20.
401 2291 456 2334 Τ.
484 2292 870 2336 reticulatum
905 2293 1068 2348 (Boiss.
1107 2296 1150 2336 et
1181 2293 1298 2336 Huet
1325 2293 1476 2346 Diagn.
1511 2293 1604 2336 Ser.
1643 2292 1694 2342 11,
1730 2294 1770 2347 3,
1803 2307 1843 2348 p.
1869 2294 1943 2347 90)

236 2349 559 2393 subssoccosum
600 2351 773 2394 demum
813 2353 1107 2406 glabrescens,
1148 2352 1293 2394 radice
1334 2351 1594 2405 cylindriea‚
1633 2352 1738 2394 00110
1776 2353 1943 2406 vaginis

236 2409 499 2451 reticulatim
531 2410 706 2453 fibrosis
743 2410 877 2454 dense
905 2412 1057 2463 obsito,
1083 2411 1282 2454 caulibus
1309 2411 1580 2464 simplicibus
1598 2411 1764 2454 foliosis
1794 2425 1944 2455 mono-

233 2467 442 2521 cephalis,
468 2467 581 2511 soliis
609 2469 870 2513 radicalibus
899 2471 1149 2514 numerosis
1174 2469 1415 2513 linearibus
1436 2470 1693 2513 acuminatis
1720 2470 1939 2524 pluriner-

235 2525 319 2568 viis
346 2528 469 2570 caule
491 2540 647 2582 parum
669 2528 961 2583 brevioribus,
989 2529 1175 2572 caulinis
1203 2542 1226 2571 a
1251 2529 1347 2572 basi
1371 2529 1549 2572 dilatata
1575 2529 1758 2582 oblonga
1786 2531 1942 2572 acumi-

234 2584 348 2627 natis
386 2598 501 2641 saepe
540 2587 946 2643 undulato-crispis,
989 2588 1176 2642 capitulo
1215 2600 1384 2642 magno,
1416 2588 1674 2641 pedunculis
1705 2589 1826 2642 apice
1854 2602 1940 2632 non

232 2642 503 2697 incrassatis,
520 2645 736 2688 involucri
759 2646 921 2701 phyllis
936 2648 962 2690 8
980 2647 1175 2690 flosculis
1199 2647 1330 2690 luteis
1349 2646 1728 2699 subbrevioribus,
1747 2647 1939 2690 acheniis

233 2703 547 2756 marginalibus
564 2705 731 2748 striatis
745 2707 922 2749 costatis
938 2706 1134 2760 undique
1151 2706 1305 2748 crebre
1323 2705 1665 2748 albo-muricatis
1682 2706 1723 2746 in
1744 2709 1939 2749 rostrum

229 2760 362 2815 triplo
383 2761 564 2805 brevius
591 2763 776 2818 abrupte
802 2765 1038 2809 attenuatis
1071 2771 1131 2813 26.

233 2835 457 2930 (Blggipgissn
487 2838 676 2875 Armenia
708 2849 831 2887 prope
860 2839 1046 2876 Erzerum
1081 2839 1220 2885 (Calvi
1255 2839 1407 2886 Huetl),
1441 2850 1563 2886 prope
1596 2838 1936 2875 Gumuschkhane

293 2948 359 3002 ss‘?
392 2950 731 3004 stenophyllum.
770 2976 827 2982 —
861 2952 981 2994 Folia
1018 2956 1204 3006 anguste
1239 2951 1434 3005 linearia,
1472 2951 1734 2994 Floriferum
1773 2953 1941 2992 tantum

235 3012 400 3050 notum.
421 3032 479 3039 ——
509 3009 550 3051 T.
573 3010 897 3064 stenophyllum
920 3010 1059 3054 Boiss.
1088 3016 1131 3054 et
1156 3011 1274 3055 Huet
1298 3011 1451 3065 Diagn.
1479 3009 1570 3053 Ser.
1597 3009 1652 3061 II,
1678 3010 1717 3059 3,
1744 3023 1783 3064 p⁴
1809 3010 1877 3051 89.
