2090 3291
273 240 344 276 414
991 238 1238 268 conposrrAE.
1786 226 1961 269 Senecio,

273 318 461 362 acheniis
493 316 654 370 glabris
692 313 871 365 striatiS,
906 323 1048 367 pappo
1074 311 1320 353 rufescente
1353 314 1412 356 26.
1440 305 1482 350 S.
1508 307 1853 359 taraxacijolius
1884 322 1968 353 n.c.

272 378 424 420 Prodr.
450 375 521 427 VI,
550 387 588 428 p.
615 374 713 415 348.
743 394 798 403 —
823 369 1056 423 Liyztlaria
1086 367 1280 411 Aucheri
1303 379 1384 410 D.c.
1408 367 1562 409 Prodr.
1592 366 1686 420 VII,
1713 379 1756 421 p.
1785 368 1883 410 300.

317 450 417 484 Hab.
441 449 481 483 in
500 447 656 492 regione
674 445 810 493 alpina
833 446 871 480 et
889 443 1014 479 nivali
1041 442 1156 478 Ponti
1176 440 1303 476 Lazici
1335 439 1457 476 Auch.
1477 439 1590 477 3431!
1620 442 1658 475 et
1689 450 1809 487 supra
1827 440 1968 487 Djimil

269 496 372 533 9600‘
393 495 528 539 (Ball),
549 493 744 529 Armeniae
763 490 937 526 Turcicae
955 491 994 525 in
1014 489 1214 524 montibus
1238 497 1356 534 supra
1375 487 1562 524 Erzerum
1580 487 1734 532 (Calvi)
1752 488 1788 523 et
1806 487 1968 529 Binszc'il-

269 543 373 587 dagh
389 541 493 577 9800'
516 541 609 585 (Ky.
626 539 744 583 4981),
763 537 927 574 Caucasi
948 536 1131 572 centralis
1151 534 1277 577 (Stevl
1295 533 1383 569 C.A.
1403 533 1508 579 Meyl
1527 533 1690 578 Rehml)
1708 537 1747 569 et
1764 534 1967 570 orientalis

268 591 309 625 in
327 587 593 633 Daghestanla
622 584 875 621 7200’40500’
897 584 1022 630 (Rupr
1035 586 1072 629 l),
1093 583 1237 618 Persiae
1255 581 1339 617 hor.
1369 581 1411 616 in
1429 582 1562 617 monte
1580 580 1776 616 Ssavalan
1796 580 1967 626 (Buhsel

271 635 470 772 {e÷}ldlgl·lis
499 690 537 726 et
564 686 862 734 sesquipedalis,
891 686 1039 732 species
1061 685 1113 721 ab
1131 684 1314 722 affinibus
1340 683 1514 719 flosculis
1549 684 1862 731 quadridentatis
1889 683 1968 720 dis-

288 747 349 773 mc
368 748 400 772 a.

853 845 1021 899 Species
1047 857 1138 887 non
1164 846 1234 886 sat
1259 847 1386 887 ποίεε.

330 959 371 1003 S.
391 959 622 1013 fleoeuosus
662 956 838 1009 (Clarke
880 956 1008 999 Trav.
1053 955 1085 1008 Ι,
1133 968 1173 1009 p.
1219 953 1325 1010 660)
1356 955 1553 998 caulibus
1588 955 1753 998 striatis
1800 955 1966 1009 pilosis,

272 1019 382 1062 foliis
407 1016 710 1071 glabriusculis
738 1014 1166 1069 lyrato-pinnatifidis
1194 1014 1302 1056 lobis
1324 1013 1621 1068 integerrimis
1648 1013 1791 1067 planis
1815 1014 1967 1057 termi-

271 1078 358 1120 nali
384 1077 544 1130 maj0re
567 1073 815 1124 lanceolam,
840 1073 1097 1127 pedunculis
1125 1073 1336 1126 elongatis
1360 1073 1732 1127 multisquamosis
1756 1073 1966 1116 flexuosis

271 1133 600 1188 monocephalis‚
627 1132 825 1186 capitulis
850 1132 1019 1174 unciam
1049 1132 1161 1185 latis,
1195 1132 1411 1174 involucri
1443 1132 1638 1186 squamis
1673 1132 1966 1175 exterioribus

271 1194 505 1248 adpressis‚
532 1191 674 1244 ligulis
707 1190 907 1244 plurimis
932 1191 1182 1244 patentibus
1208 1191 1471 1245 majusculis.
1494 1214 1553 1220 —
1585 1190 1769 1234 Habitus
1793 1189 1967 1232 Asteris

270 1253 383 1295 foliis
406 1251 609 1304 exceptis.

319 1324 423 1359 Hah.
445 1324 484 1358 in
503 1322 670 1358 Thracia
691 1322 741 1357 ad
759 1323 916 1368 portum
935 1321 1080 1358 lneada
1097 1320 1199 1366 (CL).
1222 1321 1277 1356 Fl.
1297 1322 1397 1357 Nov.

320 1388 381 1421 An
399 1387 619 1431 congener?

331 1451 373 1495 S.
403 1449 720 1493 Tselzabanicus
743 1449 804 1504 (C.
828 1451 944 1493 Koch
969 1450 1094 1492 Linn.
1118 1449 1277 1502 XXIV,
1305 1462 1346 1504 p.
1371 1449 1474 1506 370)
1498 1450 1620 1493 caule
1641 1450 1793 1493 striato
1816 1453 1967 1504 paten-

272 1511 349 1553 tim
373 1511 682 1561 ramosissimo,
710 1509 822 1551 foliis
857 1509 1012 1563 amplis
1045 1509 1305 1551 brevissime
1331 1509 1662 1551 canescentibus
1697 1509 1966 1563 pinnatifidis

272 1569 438 1612 laciniiS
458 1569 716 1610 distantibus
736 1567 1188 1621 oblongo-lanceolatis
1204 1568 1634 1620 angulato-dentatis‚
1647 1568 1842 1611 auricula
1858 1568 1966 1610 basi-

272 1628 353 1669 lari
368 1630 522 1680 magna
543 1627 887 1680 inciso-dentata,
914 1627 1088 1669 rachide
1116 1626 1383 1679 subintegrzi,
1404 1627 1663 1681 pedunculis
1685 1619 1871 1681 capitulo
1893 1627 1966 1668 tri-

271 1686 342 1740 plo
359 1685 639 1739 longioribus,
656 1685 869 1728 involucri
887 1685 1156 1729 canescentis
1172 1685 1334 1740 phyllis
1352 1686 1723 1740 lineari-oblongIS
1744 1685 1965 1738 carinatis,

272 1745 462 1797 calyculo
481 1745 698 1795 subnullo,
711 1744 852 1797 ligulis
868 1746 942 1786 6-9
961 1744 1185 1796 revolutis,
1199 1745 1388 1788 acheniis
1403 1745 1578 1788 costatis
1594 1744 1805 1798 adpresse'
1824 1744 1963 1787 hirtis.

318 1817 417 1852 Hah.
436 1818 476 1852 in
497 1817 600 1853 valle
619 1817 778 1853 Pontica
795 1817 1022 1853 Tchabantz
1041 1817 1146 1854 5500’
1164 1817 1217 1862 (C.
1238 1818 1395 1863 Kochl).

316 1879 375 1914 Ex
386 1880 437 1963 [ccl.
458 1884 614 1964 {uctofe
644 1882 792 1928 species
825 1892 957 1917 annua
975 1884 1014 1918 et
1042 1883 1168 1918 affinis
1195 1882 1297 1917 dicta
1326 1881 1365 1919 S.
1393 1880 1783 1930 chrysanthemz’folz'o
1805 1882 1908 1918 Poir.
1928 1884 1966 1918 et

271 1937 383 1972 prcea
416 1938 437 1963 o
492 1939 530 1964 er
550 1939 572 1963 o
596 1956 601 1961 .

501 2040 848 2089 oruouuorffls
881 2040 1013 2102 (saut.
1041 2046 1082 2089 et
1109 2042 1175 2102 Sp.
1207 2041 1271 2088 ιιι,
1299 2041 1359 2088 Pl.
1389 2041 1460 2088 or.
1493 2041 1556 2098 ιν,
1583 2055 1622 2103 p.
1642 2042 1734 2101 ειιι).

334 2168 576 2222 Capitulum
603 2169 813 2211 radiatum
838 2170 1158 2223 heterogamum
1187 2169 1372 2212 floribus
1398 2170 1507 2212 radii
1537 2170 1726 2223 ilgulatis
1748 2172 1965 2226 femineis,

274 2228 377 2269 disci
402 2228 762 2280 hermaphroditis
784 2229 836 2270 ob
859 2229 1055 2271 ovarium
1082 2229 1393 2282 incompletum
1419 2229 1655 2272 sterilibus.
1688 2229 1963 2274 [nvolucrum

274 2285 506 2329 uniscriale
535 2287 691 2340 phyllis
712 2287 980 2329 subvalvatis
1007 2287 1155 2329 liberis
1183 2288 1251 2328 vel
1276 2288 1443 2330 inferne
1468 2289 1762 2331 subconnatiS.
1800 2289 1966 2344 Recep-

272 2346 460 2387 taculum
487 2345 663 2399 planum
690 2346 938 2387 areolatum.
970 2345 1120 2399 Stylus
1144 2345 1304 2388 bifidus
1327 2347 1602 2399 stigmatibus
1625 2347 1966 2401 oblongo-linea-

273 2405 395 2446 ribus
433 2404 715 2456 planiusculis
751 2404 921 2446 interne
950 2405 1141 2459 undique
1168 2405 1626 2457 papilloso-velutinis,
1659 2407 1819 2449 florum
1856 2408 1964 2450 disci

275 2462 557 2505 brevioribus.
603 2463 794 2505 Achenia
829 2463 989 2506 sericea
1033 2464 1185 2506 striata
1222 2475 1364 2517 pappo
1402 2464 1658 2517 persistenti
1690 2466 1965 2509 multiseriali

272 2522 369 2563 albo
410 2522 544 2563 nitido
585 2525 802 2576 superata,
846 2523 993 2564 ovaria
1032 2523 1136 2564 disci
1166 2523 1333 2564 sterilia
1370 2535 1577 2577 papposa.
1612 2547 1664 2553 ——
1705 2524 1966 2568 Suffrutices

270 2580 406 2632 glabri
428 2581 539 2622 foliis
565 2581 772 2627 carnosis.
800 2582 1001 2636 capitulis
1027 2582 1163 2624 ssavis.
1189 2604 1244 2609 —
1267 2581 1416 2624 Genus
1446 2581 1568 2623 valde
1593 2583 1719 2624 affine
1742 2582 1965 2636 ommim,

272 2639 323 2680 ab
350 2642 398 2680 ea
425 2640 696 2692 stigmatibus
730 2640 834 2683 disci
869 2641 911 2682 in
944 2654 1101 2684 conum
1128 2653 1215 2683 non
1241 2640 1453 2683 concretis
1489 2643 1531 2684 et
1563 2640 1778 2684 involucri
1805 2643 1965 2696 phyllis

271 2697 315 2738 in
341 2699 542 2751 cyathum
566 2711 652 2741 non
675 2700 870 2742 connatis
894 2701 1164 2754 discrepans.

335 2805 368 2844 1.
404 2804 461 2846 O.
499 2804 854 2849 intermedia
887 2807 1049 2861 (Boiss.
1084 2807 1235 2860 Diagn.
1272 2807 1362 2850 Ser.
1393 2807 1447 2860 ΙΙ,
1473 2808 1514 2862 6,
1550 2822 1589 2863 p.
1623 2808 1726 2864 106)
1756 2809 1965 2853 fruticosa

272 2862 418 2913 glabra
451 2865 610 2915 glauca,
649 2865 778 2906 ramis
811 2867 970 2908 crassis
998 2867 1357 2909 ramulosissimis
1391 2867 1560 2917 albidis,
1587 2866 1698 2911 foliis
1720 2869 1963 2912 carnosulis

273 2919 463 2973 oblongis
488 2923 551 2963 vel
580 2923 779 2977 ellipticis
807 2924 974 2967 obtusis
1008 2926 1074 2967 vel
1100 2926 1381 2969 acutiusculis
1413 2926 1708 2980 integerrimis
1735 2928 1825 2970 basi
1856 2931 1965 2970 atte-

273 2980 415 3020 nuaiis
439 2981 678 3034 sessilibus,
703 2983 958 3037 pedunculis
980 2984 1280 3027 terminalibus
1312 2986 1381 3027 1-2
1406 2985 1631 3038 elongatis,
1657 2986 1817 3040 phyllis
1840 2987 1965 3030 iuvo-
