<?xml version="1.0" encoding="UTF-8"?>
<!DOCTYPE html PUBLIC "-//W3C//DTD XHTML 1.0 Transitional//EN"
    "http://www.w3.org/TR/xhtml1/DTD/xhtml1-transitional.dtd">
<html xmlns="http://www.w3.org/1999/xhtml" xml:lang="en" lang="en">
 <head>
  <title>
</title>
<meta http-equiv="Content-Type" content="text/html;charset=utf-8" />
  <meta name='ocr-system' content='tesseract 3.04.00' />
  <meta name='ocr-capabilities' content='ocr_page ocr_carea ocr_par ocr_line ocrx_word'/>
</head>
<body>
  <div class='ocr_page' id='page_1' title='image "./floraorientaliss03bois_0768.png"; bbox 0 0 2090 3291; ppageno 0'>
   <div class='ocr_carea' id='block_1_1' title="bbox 248 242 1948 285">
    <p class='ocr_par' dir='ltr' id='par_1_1' title="bbox 248 242 1948 285">
     <span class='ocr_line' id='line_1_1' title="bbox 248 242 1948 285; baseline 0.001 -7"><span class='ocrx_word' id='word_1_1' title='bbox 248 248 321 285; x_wconf 81' lang='lat'>682</span> <span class='ocrx_word' id='word_1_2' title='bbox 982 251 1230 279; x_wconf 75' lang='lat' dir='ltr'>composrrAE.</span> <span class='ocrx_word' id='word_1_3' title='bbox 1712 242 1948 281; x_wconf 80' lang='lat' dir='ltr'><strong><em>Centaurea.</em></strong></span> 
     </span>
    </p>
   </div>
   <div class='ocr_carea' id='block_1_2' title="bbox 244 324 1955 1198">
    <p class='ocr_par' dir='ltr' id='par_1_2' title="bbox 244 324 1955 1087">
     <span class='ocr_line' id='line_1_2' title="bbox 314 324 1953 381; baseline -0.003 -9"><span class='ocrx_word' id='word_1_4' title='bbox 314 330 411 372; x_wconf 77' lang='lat'>153.</span> <span class='ocrx_word' id='word_1_5' title='bbox 440 328 493 371; x_wconf 82' lang='lat' dir='ltr'>G.</span> <span class='ocrx_word' id='word_1_6' title='bbox 516 324 965 381; x_wconf 82' lang='lat' dir='ltr'>myriocephala</span> <span class='ocrx_word' id='word_1_7' title='bbox 994 324 1107 376; x_wconf 90' lang='lat' dir='ltr'>(Sch.</span> <span class='ocrx_word' id='word_1_8' title='bbox 1134 325 1228 378; x_wconf 91' lang='lat' dir='ltr'>Bip.</span> <span class='ocrx_word' id='word_1_9' title='bbox 1253 325 1296 366; x_wconf 88' lang='lat' dir='ltr'>in</span> <span class='ocrx_word' id='word_1_10' title='bbox 1320 325 1400 377; x_wconf 65' lang='grc' dir='ltr'>ΚΥ.</span> <span class='ocrx_word' id='word_1_11' title='bbox 1426 325 1483 378; x_wconf 93' lang='lat' dir='ltr'>pl.</span> <span class='ocrx_word' id='word_1_12' title='bbox 1503 324 1626 378; x_wconf 91' lang='lat' dir='ltr'>Alep.</span> <span class='ocrx_word' id='word_1_13' title='bbox 1652 324 1790 366; x_wconf 91' lang='lat' dir='ltr'>Kurd.</span> <span class='ocrx_word' id='word_1_14' title='bbox 1822 325 1953 380; x_wconf 76' lang='lat'>1843)</span> 
     </span>
     <span class='ocr_line' id='line_1_3' title="bbox 250 383 1954 444; baseline -0.002 -14"><span class='ocrx_word' id='word_1_15' title='bbox 250 388 640 444; x_wconf 82' lang='lat' dir='ltr'>papilloso-aspera</span> <span class='ocrx_word' id='word_1_16' title='bbox 669 384 827 438; x_wconf 77' lang='lat' dir='ltr'>pallide</span> <span class='ocrx_word' id='word_1_17' title='bbox 851 383 1000 426; x_wconf 88' lang='lat' dir='ltr'>virens</span> <span class='ocrx_word' id='word_1_18' title='bbox 1020 396 1041 424; x_wconf 92' lang='lat' dir='ltr'>a</span> <span class='ocrx_word' id='word_1_19' title='bbox 1066 384 1160 425; x_wconf 91' lang='lat' dir='ltr'>basi</span> <span class='ocrx_word' id='word_1_20' title='bbox 1184 383 1425 426; x_wconf 88' lang='lat' dir='ltr'>dichotome</span> <span class='ocrx_word' id='word_1_21' title='bbox 1450 386 1493 426; x_wconf 91' lang='lat' dir='ltr'>et</span> <span class='ocrx_word' id='word_1_22' title='bbox 1519 383 1788 426; x_wconf 89' lang='lat' dir='ltr'>divaricatim</span> <span class='ocrx_word' id='word_1_23' title='bbox 1812 395 1954 427; x_wconf 88' lang='lat' dir='ltr'>ramo·</span> 
     </span>
     <span class='ocr_line' id='line_1_4' title="bbox 251 442 1954 498; baseline -0.004 -8"><span class='ocrx_word' id='word_1_24' title='bbox 251 447 424 490; x_wconf 89' lang='lat' dir='ltr'>sissima</span> <span class='ocrx_word' id='word_1_25' title='bbox 446 445 678 488; x_wconf 89' lang='lat' dir='ltr'>dumulosa</span> <span class='ocrx_word' id='word_1_26' title='bbox 698 442 994 498; x_wconf 77' lang='lat' dir='ltr'>polycephala‚</span> <span class='ocrx_word' id='word_1_27' title='bbox 1011 442 1126 484; x_wconf 90' lang='lat' dir='ltr'>foliis</span> <span class='ocrx_word' id='word_1_28' title='bbox 1147 442 1406 484; x_wconf 89' lang='lat' dir='ltr'>radicalibus</span> <span class='ocrx_word' id='word_1_29' title='bbox 1428 442 1580 495; x_wconf 82' lang='lat' dir='ltr'>lyratis</span> <span class='ocrx_word' id='word_1_30' title='bbox 1596 442 1831 496; x_wconf 82' lang='lat' dir='ltr'>segmentis</span> <span class='ocrx_word' id='word_1_31' title='bbox 1849 443 1954 484; x_wconf 85' lang='lat' dir='ltr'>late-</span> 
     </span>
     <span class='ocr_line' id='line_1_5' title="bbox 249 500 1954 558; baseline -0.002 -10"><span class='ocrx_word' id='word_1_32' title='bbox 249 504 416 548; x_wconf 88' lang='lat' dir='ltr'>ralibus</span> <span class='ocrx_word' id='word_1_33' title='bbox 442 504 651 558; x_wconf 84' lang='lat' dir='ltr'>utrinque</span> <span class='ocrx_word' id='word_1_34' title='bbox 678 502 752 543; x_wconf 65' lang='grc'>2-3</span> <span class='ocrx_word' id='word_1_35' title='bbox 778 501 928 555; x_wconf 89' lang='lat' dir='ltr'>parvis</span> <span class='ocrx_word' id='word_1_36' title='bbox 952 501 1147 554; x_wconf 84' lang='lat' dir='ltr'>oblongis</span> <span class='ocrx_word' id='word_1_37' title='bbox 1166 501 1373 544; x_wconf 89' lang='lat' dir='ltr'>retrorsis</span> <span class='ocrx_word' id='word_1_38' title='bbox 1394 500 1613 543; x_wconf 88' lang='lat' dir='ltr'>terminali</span> <span class='ocrx_word' id='word_1_39' title='bbox 1634 513 1790 555; x_wconf 83' lang='lat' dir='ltr'>magno</span> <span class='ocrx_word' id='word_1_40' title='bbox 1808 503 1954 544; x_wconf 87' lang='lat' dir='ltr'>ovato-</span> 
     </span>
     <span class='ocr_line' id='line_1_6' title="bbox 249 559 1955 613; baseline -0.003 -7"><span class='ocrx_word' id='word_1_41' title='bbox 249 564 458 606; x_wconf 90' lang='lat' dir='ltr'>rhombeo</span> <span class='ocrx_word' id='word_1_42' title='bbox 486 563 555 604; x_wconf 89' lang='lat' dir='ltr'>vel</span> <span class='ocrx_word' id='word_1_43' title='bbox 584 561 775 611; x_wconf 81' lang='lat' dir='ltr'>cordato,</span> <span class='ocrx_word' id='word_1_44' title='bbox 796 559 910 602; x_wconf 86' lang='lat' dir='ltr'>foliis</span> <span class='ocrx_word' id='word_1_45' title='bbox 932 560 1091 601; x_wconf 87' lang='lat' dir='ltr'>rameis</span> <span class='ocrx_word' id='word_1_46' title='bbox 1115 563 1277 613; x_wconf 82' lang='lat' dir='ltr'>praeter</span> <span class='ocrx_word' id='word_1_47' title='bbox 1298 559 1504 602; x_wconf 84' lang='lat' dir='ltr'>inferiora</span> <span class='ocrx_word' id='word_1_48' title='bbox 1526 559 1749 602; x_wconf 84' lang='lat' dir='ltr'>interdum</span> <span class='ocrx_word' id='word_1_49' title='bbox 1769 559 1955 613; x_wconf 80' lang='lat' dir='ltr'>pinnati-</span> 
     </span>
     <span class='ocr_line' id='line_1_7' title="bbox 248 617 1954 678; baseline -0.003 -13"><span class='ocrx_word' id='word_1_50' title='bbox 248 623 409 678; x_wconf 88' lang='lat' dir='ltr'>partita</span> <span class='ocrx_word' id='word_1_51' title='bbox 432 621 558 663; x_wconf 92' lang='lat' dir='ltr'>valde</span> <span class='ocrx_word' id='word_1_52' title='bbox 586 619 812 662; x_wconf 84' lang='lat' dir='ltr'>diminutis</span> <span class='ocrx_word' id='word_1_53' title='bbox 833 617 1292 671; x_wconf 83' lang='lat' dir='ltr'>oblongo-lanceolatis</span> <span class='ocrx_word' id='word_1_54' title='bbox 1319 621 1362 660; x_wconf 92' lang='lat' dir='ltr'>et</span> <span class='ocrx_word' id='word_1_55' title='bbox 1389 618 1627 661; x_wconf 82' lang='lat' dir='ltr'>linearibus</span> <span class='ocrx_word' id='word_1_56' title='bbox 1649 619 1832 672; x_wconf 75' lang='lat' dir='ltr'>integris</span> <span class='ocrx_word' id='word_1_57' title='bbox 1855 619 1954 660; x_wconf 90' lang='lat' dir='ltr'>bre-</span> 
     </span>
     <span class='ocr_line' id='line_1_8' title="bbox 248 676 1955 732; baseline -0.003 -9"><span class='ocrx_word' id='word_1_58' title='bbox 248 681 428 724; x_wconf 89' lang='lat' dir='ltr'>vissime</span> <span class='ocrx_word' id='word_1_59' title='bbox 469 677 825 727; x_wconf 79' lang='lat' dir='ltr'>decurrentibus,</span> <span class='ocrx_word' id='word_1_60' title='bbox 864 677 1068 730; x_wconf 86' lang='lat' dir='ltr'>capitulis</span> <span class='ocrx_word' id='word_1_61' title='bbox 1102 676 1406 720; x_wconf 84' lang='lat' dir='ltr'>terminalibus</span> <span class='ocrx_word' id='word_1_62' title='bbox 1445 677 1703 732; x_wconf 81' lang='lat' dir='ltr'>pedunculis</span> <span class='ocrx_word' id='word_1_63' title='bbox 1741 688 1871 731; x_wconf 89' lang='lat' dir='ltr'>parce</span> <span class='ocrx_word' id='word_1_64' title='bbox 1912 679 1955 719; x_wconf 91' lang='lat' dir='ltr'>et</span> 
     </span>
     <span class='ocr_line' id='line_1_9' title="bbox 248 735 1953 790; baseline -0.003 -8"><span class='ocrx_word' id='word_1_65' title='bbox 248 740 417 782; x_wconf 88' lang='lat' dir='ltr'>minute</span> <span class='ocrx_word' id='word_1_66' title='bbox 456 738 665 781; x_wconf 85' lang='lat' dir='ltr'>foliolosis</span> <span class='ocrx_word' id='word_1_67' title='bbox 700 736 893 779; x_wconf 84' lang='lat' dir='ltr'>suffultis</span> <span class='ocrx_word' id='word_1_68' title='bbox 923 736 1071 790; x_wconf 89' lang='lat' dir='ltr'>parvis</span> <span class='ocrx_word' id='word_1_69' title='bbox 1105 736 1315 789; x_wconf 77' lang='lat' dir='ltr'>oblorigiS‚</span> <span class='ocrx_word' id='word_1_70' title='bbox 1346 736 1561 778; x_wconf 80' lang='lat' dir='ltr'>involucri</span> <span class='ocrx_word' id='word_1_71' title='bbox 1602 735 1740 789; x_wconf 82' lang='lat' dir='ltr'>glabri</span> <span class='ocrx_word' id='word_1_72' title='bbox 1773 735 1953 778; x_wconf 86' lang='lat' dir='ltr'>coriacei</span> 
     </span>
     <span class='ocr_line' id='line_1_10' title="bbox 248 795 1954 852; baseline -0.003 -12"><span class='ocrx_word' id='word_1_73' title='bbox 248 798 367 852; x_wconf 82' lang='lat' dir='ltr'>apice</span> <span class='ocrx_word' id='word_1_74' title='bbox 388 797 609 839; x_wconf 84' lang='lat' dir='ltr'>constricti</span> <span class='ocrx_word' id='word_1_75' title='bbox 632 796 793 850; x_wconf 89' lang='lat' dir='ltr'>phyllis</span> <span class='ocrx_word' id='word_1_76' title='bbox 812 796 1018 838; x_wconf 86' lang='lat' dir='ltr'>coriaceis</span> <span class='ocrx_word' id='word_1_77' title='bbox 1035 795 1376 848; x_wconf 84' lang='lat' dir='ltr'>triangularibus</span> <span class='ocrx_word' id='word_1_78' title='bbox 1392 799 1435 837; x_wconf 90' lang='lat' dir='ltr'>et</span> <span class='ocrx_word' id='word_1_79' title='bbox 1451 795 1699 837; x_wconf 87' lang='lat' dir='ltr'>lanceolatis</span> <span class='ocrx_word' id='word_1_80' title='bbox 1716 795 1758 836; x_wconf 86' lang='lat' dir='ltr'>in</span> <span class='ocrx_word' id='word_1_81' title='bbox 1784 795 1954 847; x_wconf 92' lang='lat' dir='ltr'>spinam</span> 
     </span>
     <span class='ocr_line' id='line_1_11' title="bbox 246 854 1953 908; baseline -0.003 -9"><span class='ocrx_word' id='word_1_82' title='bbox 246 856 448 899; x_wconf 86' lang='lat' dir='ltr'>flavidam</span> <span class='ocrx_word' id='word_1_83' title='bbox 469 859 658 897; x_wconf 83' lang='lat' dir='ltr'>erectam</span> <span class='ocrx_word' id='word_1_84' title='bbox 674 866 755 896; x_wconf 89' lang='lat' dir='ltr'>nec</span> <span class='ocrx_word' id='word_1_85' title='bbox 772 854 1026 908; x_wconf 89' lang='lat' dir='ltr'>adpressam</span> <span class='ocrx_word' id='word_1_86' title='bbox 1044 854 1087 895; x_wconf 90' lang='lat' dir='ltr'>in</span> <span class='ocrx_word' id='word_1_87' title='bbox 1107 854 1378 896; x_wconf 79' lang='lat' dir='ltr'>intermediis</span> <span class='ocrx_word' id='word_1_88' title='bbox 1392 854 1539 907; x_wconf 85' lang='lat' dir='ltr'>phyllo</span> <span class='ocrx_word' id='word_1_89' title='bbox 1556 854 1648 907; x_wconf 90' lang='lat' dir='ltr'>ipso</span> <span class='ocrx_word' id='word_1_90' title='bbox 1665 854 1953 908; x_wconf 81' lang='lat' dir='ltr'>aequilougam</span> 
     </span>
     <span class='ocr_line' id='line_1_12' title="bbox 245 912 1954 969; baseline -0.003 -11"><span class='ocrx_word' id='word_1_91' title='bbox 245 916 496 963; x_wconf 72' lang='lat' dir='ltr'>attenuatis,</span> <span class='ocrx_word' id='word_1_92' title='bbox 529 914 690 969; x_wconf 84' lang='lat' dir='ltr'>phyllis</span> <span class='ocrx_word' id='word_1_93' title='bbox 724 914 888 956; x_wconf 88' lang='lat' dir='ltr'>intimis</span> <span class='ocrx_word' id='word_1_94' title='bbox 924 913 1043 968; x_wconf 84' lang='lat' dir='ltr'>apice</span> <span class='ocrx_word' id='word_1_95' title='bbox 1069 913 1272 955; x_wconf 88' lang='lat' dir='ltr'>scariosis</span> <span class='ocrx_word' id='word_1_96' title='bbox 1310 912 1576 965; x_wconf 86' lang='lat' dir='ltr'>lanceolatis,</span> <span class='ocrx_word' id='word_1_97' title='bbox 1603 913 1797 955; x_wconf 88' lang='lat' dir='ltr'>flosculis</span> <span class='ocrx_word' id='word_1_98' title='bbox 1826 912 1954 954; x_wconf 89' lang='lat' dir='ltr'>luteis</span> 
     </span>
     <span class='ocr_line' id='line_1_13' title="bbox 244 970 1951 1026; baseline -0.002 -11"><span class='ocrx_word' id='word_1_99' title='bbox 244 987 331 1015; x_wconf 89' lang='lat' dir='ltr'>non</span> <span class='ocrx_word' id='word_1_100' title='bbox 358 973 645 1023; x_wconf 87' lang='lat' dir='ltr'>radiantibus,</span> <span class='ocrx_word' id='word_1_101' title='bbox 670 972 861 1015; x_wconf 87' lang='lat' dir='ltr'>acheniis</span> <span class='ocrx_word' id='word_1_102' title='bbox 887 973 995 1014; x_wconf 88' lang='lat' dir='ltr'>albis</span> <span class='ocrx_word' id='word_1_103' title='bbox 1024 972 1254 1026; x_wconf 89' lang='lat' dir='ltr'>puberulis</span> <span class='ocrx_word' id='word_1_104' title='bbox 1283 972 1403 1026; x_wconf 89' lang='lat' dir='ltr'>apice</span> <span class='ocrx_word' id='word_1_105' title='bbox 1430 972 1697 1025; x_wconf 80' lang='lat' dir='ltr'>marginatis,</span> <span class='ocrx_word' id='word_1_106' title='bbox 1717 970 1845 1025; x_wconf 91' lang='lat' dir='ltr'>pappi</span> <span class='ocrx_word' id='word_1_107' title='bbox 1867 970 1951 1012; x_wconf 89' lang='lat' dir='ltr'>albi</span> 
     </span>
     <span class='ocr_line' id='line_1_14' title="bbox 244 1031 1374 1087; baseline -0.003 -12"><span class='ocrx_word' id='word_1_108' title='bbox 244 1033 360 1075; x_wconf 89' lang='lat' dir='ltr'>serie</span> <span class='ocrx_word' id='word_1_109' title='bbox 385 1033 624 1087; x_wconf 80' lang='lat' dir='ltr'>penultima</span> <span class='ocrx_word' id='word_1_110' title='bbox 652 1032 831 1074; x_wconf 90' lang='lat' dir='ltr'>achenio</span> <span class='ocrx_word' id='word_1_111' title='bbox 855 1031 1096 1084; x_wconf 78' lang='lat' dir='ltr'>aequilonga</span> <span class='ocrx_word' id='word_1_112' title='bbox 1125 1031 1180 1085; x_wconf 60' lang='lat' dir='ltr'>G&gt;</span> <span class='ocrx_word' id='word_1_113' title='bbox 1208 1031 1279 1073; x_wconf 86' lang='lat' dir='ltr'>vel</span> <span class='ocrx_word' id='word_1_114' title='bbox 1314 1037 1374 1077; x_wconf 67' lang='lat'>26.</span> 
     </span>
    </p>

    <p class='ocr_par' dir='ltr' id='par_1_3' title="bbox 246 1102 1954 1198">
     <span class='ocr_line' id='line_1_15' title="bbox 293 1102 1954 1151; baseline -0.002 -11"><span class='ocrx_word' id='word_1_115' title='bbox 293 1105 395 1140; x_wconf 89' lang='lat' dir='ltr'>Hab.</span> <span class='ocrx_word' id='word_1_116' title='bbox 426 1106 464 1140; x_wconf 90' lang='lat' dir='ltr'>in</span> <span class='ocrx_word' id='word_1_117' title='bbox 495 1105 601 1140; x_wconf 83' lang='lat' dir='ltr'>arvis</span> <span class='ocrx_word' id='word_1_118' title='bbox 625 1104 750 1149; x_wconf 76' lang='lat' dir='ltr'>Syriae</span> <span class='ocrx_word' id='word_1_119' title='bbox 774 1104 821 1139; x_wconf 85' lang='lat' dir='ltr'>ad</span> <span class='ocrx_word' id='word_1_120' title='bbox 850 1104 1092 1140; x_wconf 83' lang='lat' dir='ltr'>Damascum</span> <span class='ocrx_word' id='word_1_121' title='bbox 1117 1104 1287 1149; x_wconf 75' lang='lat' dir='ltr'>(Gailll),</span> <span class='ocrx_word' id='word_1_122' title='bbox 1305 1104 1343 1139; x_wconf 93' lang='lat' dir='ltr'>in</span> <span class='ocrx_word' id='word_1_123' title='bbox 1370 1104 1609 1151; x_wconf 85' lang='lat' dir='ltr'>planitiebus</span> <span class='ocrx_word' id='word_1_124' title='bbox 1632 1103 1732 1138; x_wconf 88' lang='lat' dir='ltr'>circa</span> <span class='ocrx_word' id='word_1_125' title='bbox 1757 1102 1954 1149; x_wconf 89' lang='lat' dir='ltr'>Aleppum</span> 
     </span>
     <span class='ocr_line' id='line_1_16' title="bbox 246 1150 1954 1198; baseline -0.002 -11"><span class='ocrx_word' id='word_1_126' title='bbox 246 1152 338 1198; x_wconf 71' lang='lat' dir='ltr'>[lx&#39;y.</span> <span class='ocrx_word' id='word_1_127' title='bbox 357 1153 457 1197; x_wconf 69' lang='lat'><strong>2261,</strong></span> <span class='ocrx_word' id='word_1_128' title='bbox 478 1152 592 1187; x_wconf 76' lang='lat' dir='ltr'>Boiss</span> <span class='ocrx_word' id='word_1_129' title='bbox 605 1155 612 1187; x_wconf 87' lang='lat' dir='ltr'>l</span> <span class='ocrx_word' id='word_1_130' title='bbox 624 1156 646 1195; x_wconf 69' lang='lat' dir='ltr'>l,</span> <span class='ocrx_word' id='word_1_131' title='bbox 660 1153 699 1187; x_wconf 91' lang='lat' dir='ltr'>in</span> <span class='ocrx_word' id='word_1_132' title='bbox 715 1151 868 1187; x_wconf 86' lang='lat' dir='ltr'>deserto</span> <span class='ocrx_word' id='word_1_133' title='bbox 883 1152 933 1186; x_wconf 84' lang='lat' dir='ltr'>ad</span> <span class='ocrx_word' id='word_1_134' title='bbox 951 1152 1181 1197; x_wconf 78' lang='lat' dir='ltr'>Palmyram</span> <span class='ocrx_word' id='word_1_135' title='bbox 1199 1151 1263 1196; x_wconf 83' lang='lat' dir='ltr'>(Bl</span> <span class='ocrx_word' id='word_1_136' title='bbox 1275 1154 1300 1195; x_wconf 76' lang='lat' dir='ltr'>t)</span> <span class='ocrx_word' id='word_1_137' title='bbox 1318 1152 1419 1187; x_wconf 81' lang='lat' dir='ltr'>circa</span> <span class='ocrx_word' id='word_1_138' title='bbox 1433 1151 1581 1186; x_wconf 88' lang='lat' dir='ltr'>Aintab</span> <span class='ocrx_word' id='word_1_139' title='bbox 1596 1155 1633 1186; x_wconf 85' lang='lat' dir='ltr'>et</span> <span class='ocrx_word' id='word_1_140' title='bbox 1650 1151 1690 1186; x_wconf 92' lang='lat' dir='ltr'>in</span> <span class='ocrx_word' id='word_1_141' title='bbox 1705 1151 1811 1186; x_wconf 87' lang='lat' dir='ltr'>omni</span> <span class='ocrx_word' id='word_1_142' title='bbox 1826 1150 1954 1185; x_wconf 90' lang='lat' dir='ltr'>Meso-</span> 
     </span>
    </p>
   </div>
   <div class='ocr_carea' id='block_1_3' title="bbox 243 1198 1627 1312">
    <p class='ocr_par' dir='ltr' id='par_1_4' title="bbox 243 1198 1627 1312">
     <span class='ocr_line' id='line_1_17' title="bbox 243 1198 775 1246; baseline -0.006 -10"><span class='ocrx_word' id='word_1_143' title='bbox 243 1200 421 1246; x_wconf 80' lang='lat' dir='ltr'>potamia</span> <span class='ocrx_word' id='word_1_144' title='bbox 443 1200 543 1245; x_wconf 81' lang='lat' dir='ltr'>(Kyl</span> <span class='ocrx_word' id='word_1_145' title='bbox 564 1198 727 1234; x_wconf 86' lang='lat' dir='ltr'>Haussk</span> <span class='ocrx_word' id='word_1_146' title='bbox 738 1201 775 1244; x_wconf 86' lang='lat'>!)‚</span> 
     </span>
     <span class='ocr_line' id='line_1_18' title="bbox 301 1256 1627 1312; baseline -0.002 -13"><span class='ocrx_word' id='word_1_147' title='bbox 301 1258 346 1310; x_wconf 74' lang='grc' dir='ltr'>β’.</span> <span class='ocrx_word' id='word_1_148' title='bbox 375 1257 530 1309; x_wconf 77' lang='lat' dir='ltr'>major.</span> <span class='ocrx_word' id='word_1_149' title='bbox 558 1281 611 1286; x_wconf 94' lang='lat'><strong>—</strong></span> <span class='ocrx_word' id='word_1_150' title='bbox 637 1256 836 1310; x_wconf 90' lang='lat' dir='ltr'>Capitula</span> <span class='ocrx_word' id='word_1_151' title='bbox 860 1256 1108 1311; x_wconf 88' lang='lat' dir='ltr'>submajora</span> <span class='ocrx_word' id='word_1_152' title='bbox 1131 1257 1373 1299; x_wconf 84' lang='lat' dir='ltr'>avellanam</span> <span class='ocrx_word' id='word_1_153' title='bbox 1399 1257 1627 1312; x_wconf 61' lang='lat' dir='ltr'>aequantia.</span> 
     </span>
    </p>
   </div>
   <div class='ocr_carea' id='block_1_4' title="bbox 291 1322 1344 1368">
    <p class='ocr_par' dir='ltr' id='par_1_5' title="bbox 291 1322 1344 1368">
     <span class='ocr_line' id='line_1_19' title="bbox 291 1322 1344 1368; baseline -0.002 -10"><span class='ocrx_word' id='word_1_154' title='bbox 291 1324 392 1359; x_wconf 85' lang='lat' dir='ltr'>Hab.</span> <span class='ocrx_word' id='word_1_155' title='bbox 412 1324 451 1358; x_wconf 87' lang='lat' dir='ltr'>in</span> <span class='ocrx_word' id='word_1_156' title='bbox 469 1323 585 1358; x_wconf 87' lang='lat' dir='ltr'>cultis</span> <span class='ocrx_word' id='word_1_157' title='bbox 602 1322 734 1368; x_wconf 75' lang='lat' dir='ltr'>Lycia:</span> <span class='ocrx_word' id='word_1_158' title='bbox 754 1323 855 1358; x_wconf 88' lang='lat' dir='ltr'>inter</span> <span class='ocrx_word' id='word_1_159' title='bbox 877 1323 1002 1358; x_wconf 88' lang='lat' dir='ltr'>Homs</span> <span class='ocrx_word' id='word_1_160' title='bbox 1021 1325 1058 1358; x_wconf 91' lang='lat' dir='ltr'>et</span> <span class='ocrx_word' id='word_1_161' title='bbox 1085 1323 1212 1358; x_wconf 87' lang='lat' dir='ltr'>Hama</span> <span class='ocrx_word' id='word_1_162' title='bbox 1234 1323 1344 1367; x_wconf 76' lang='lat' dir='ltr'>(Bm.</span> 
     </span>
    </p>
   </div>
   <div class='ocr_carea' id='block_1_5' title="bbox 246 1378 1953 1462">
    <p class='ocr_par' dir='ltr' id='par_1_6' title="bbox 246 1378 1953 1462">
     <span class='ocr_line' id='line_1_20' title="bbox 289 1378 1953 1426; baseline 0 -12"><span class='ocrx_word' id='word_1_163' title='bbox 289 1379 444 1426; x_wconf 77' lang='lat' dir='ltr'>Species</span> <span class='ocrx_word' id='word_1_164' title='bbox 469 1378 639 1424; x_wconf 83' lang='lat' dir='ltr'>insignis</span> <span class='ocrx_word' id='word_1_165' title='bbox 658 1378 799 1413; x_wconf 88' lang='lat' dir='ltr'>dumos</span> <span class='ocrx_word' id='word_1_166' title='bbox 819 1378 981 1424; x_wconf 84' lang='lat' dir='ltr'>pedales</span> <span class='ocrx_word' id='word_1_167' title='bbox 1004 1378 1163 1414; x_wconf 88' lang='lat' dir='ltr'>demum</span> <span class='ocrx_word' id='word_1_168' title='bbox 1188 1378 1402 1414; x_wconf 85' lang='lat' dir='ltr'>exsiccatos</span> <span class='ocrx_word' id='word_1_169' title='bbox 1426 1378 1554 1413; x_wconf 85' lang='lat' dir='ltr'>ventis</span> <span class='ocrx_word' id='word_1_170' title='bbox 1576 1380 1711 1424; x_wconf 80' lang='lat' dir='ltr'>ruptos</span> <span class='ocrx_word' id='word_1_171' title='bbox 1729 1380 1766 1412; x_wconf 86' lang='lat' dir='ltr'>et</span> <span class='ocrx_word' id='word_1_172' title='bbox 1784 1388 1853 1423; x_wconf 88' lang='lat' dir='ltr'>per</span> <span class='ocrx_word' id='word_1_173' title='bbox 1869 1378 1953 1425; x_wconf 81' lang='lat' dir='ltr'>pla-</span> 
     </span>
     <span class='ocr_line' id='line_1_21' title="bbox 246 1426 905 1462; baseline -0.002 -1"><span class='ocrx_word' id='word_1_174' title='bbox 246 1427 363 1462; x_wconf 85' lang='lat' dir='ltr'>nities</span> <span class='ocrx_word' id='word_1_175' title='bbox 380 1426 689 1462; x_wconf 85' lang='lat' dir='ltr'>circumvolutos</span> <span class='ocrx_word' id='word_1_176' title='bbox 716 1426 905 1461; x_wconf 68' lang='lat' dir='ltr'>formans.</span> 
     </span>
    </p>
   </div>
   <div class='ocr_carea' id='block_1_6' title="bbox 237 1539 1951 2538">
    <p class='ocr_par' dir='ltr' id='par_1_7' title="bbox 237 1539 1951 2522">
     <span class='ocr_line' id='line_1_22' title="bbox 307 1539 1951 1594; baseline 0.001 -13"><span class='ocrx_word' id='word_1_177' title='bbox 307 1541 398 1581; x_wconf 70' lang='lat'>154.</span> <span class='ocrx_word' id='word_1_178' title='bbox 436 1540 489 1583; x_wconf 90' lang='lat' dir='ltr'>C.</span> <span class='ocrx_word' id='word_1_179' title='bbox 526 1540 723 1583; x_wconf 86' lang='lat' dir='ltr'>Behen</span> <span class='ocrx_word' id='word_1_180' title='bbox 753 1541 820 1594; x_wconf 77' lang='lat' dir='ltr'>(L.</span> <span class='ocrx_word' id='word_1_181' title='bbox 850 1539 923 1594; x_wconf 89' lang='lat' dir='ltr'>Sp.</span> <span class='ocrx_word' id='word_1_182' title='bbox 963 1540 1094 1593; x_wconf 72' lang='lat'>1292)</span> <span class='ocrx_word' id='word_1_183' title='bbox 1123 1552 1251 1593; x_wconf 88' lang='lat' dir='ltr'>parce</span> <span class='ocrx_word' id='word_1_184' title='bbox 1290 1539 1767 1594; x_wconf 72' lang='lat' dir='ltr'>papilloso·1mbescens</span> <span class='ocrx_word' id='word_1_185' title='bbox 1805 1540 1951 1583; x_wconf 86' lang='lat' dir='ltr'>rarius</span> 
     </span>
     <span class='ocr_line' id='line_1_23' title="bbox 246 1599 1951 1653; baseline 0.001 -13"><span class='ocrx_word' id='word_1_186' title='bbox 246 1599 541 1641; x_wconf 86' lang='lat' dir='ltr'>subaraneosa</span> <span class='ocrx_word' id='word_1_187' title='bbox 574 1599 732 1653; x_wconf 91' lang='lat' dir='ltr'>pallide</span> <span class='ocrx_word' id='word_1_188' title='bbox 765 1599 928 1652; x_wconf 83' lang='lat' dir='ltr'>virens,</span> <span class='ocrx_word' id='word_1_189' title='bbox 963 1600 1084 1642; x_wconf 89' lang='lat' dir='ltr'>caule</span> <span class='ocrx_word' id='word_1_190' title='bbox 1123 1600 1234 1642; x_wconf 89' lang='lat' dir='ltr'>elato</span> <span class='ocrx_word' id='word_1_191' title='bbox 1270 1611 1462 1653; x_wconf 87' lang='lat' dir='ltr'>superne</span> <span class='ocrx_word' id='word_1_192' title='bbox 1496 1599 1753 1652; x_wconf 84' lang='lat' dir='ltr'>corymbose</span> <span class='ocrx_word' id='word_1_193' title='bbox 1780 1611 1951 1642; x_wconf 83' lang='lat' dir='ltr'>ramoso</span> 
     </span>
     <span class='ocr_line' id='line_1_24' title="bbox 242 1657 1946 1712; baseline 0.001 -13"><span class='ocrx_word' id='word_1_194' title='bbox 242 1660 464 1712; x_wconf 83' lang='lat' dir='ltr'>ramisque</span> <span class='ocrx_word' id='word_1_195' title='bbox 483 1658 606 1701; x_wconf 91' lang='lat' dir='ltr'>alatis</span> <span class='ocrx_word' id='word_1_196' title='bbox 629 1658 709 1700; x_wconf 92' lang='lat' dir='ltr'>alis</span> <span class='ocrx_word' id='word_1_197' title='bbox 732 1658 929 1711; x_wconf 81' lang='lat' dir='ltr'>integris.</span> <span class='ocrx_word' id='word_1_198' title='bbox 952 1657 1063 1701; x_wconf 86' lang='lat' dir='ltr'>foliis</span> <span class='ocrx_word' id='word_1_199' title='bbox 1085 1658 1283 1712; x_wconf 83' lang='lat' dir='ltr'>rigidulis</span> <span class='ocrx_word' id='word_1_200' title='bbox 1302 1658 1504 1700; x_wconf 86' lang='lat' dir='ltr'>elevatim</span> <span class='ocrx_word' id='word_1_201' title='bbox 1528 1659 1728 1700; x_wconf 85' lang='lat' dir='ltr'>nervosis</span> <span class='ocrx_word' id='word_1_202' title='bbox 1753 1662 1794 1701; x_wconf 88' lang='lat' dir='ltr'>et</span> <span class='ocrx_word' id='word_1_203' title='bbox 1817 1671 1946 1701; x_wconf 87' lang='lat' dir='ltr'>veno-</span> 
     </span>
     <span class='ocr_line' id='line_1_25' title="bbox 241 1717 1951 1771; baseline 0.001 -13"><span class='ocrx_word' id='word_1_204' title='bbox 241 1717 318 1770; x_wconf 85' lang='lat' dir='ltr'>sis,</span> <span class='ocrx_word' id='word_1_205' title='bbox 338 1717 601 1760; x_wconf 84' lang='lat' dir='ltr'>radicalibus</span> <span class='ocrx_word' id='word_1_206' title='bbox 617 1717 772 1771; x_wconf 90' lang='lat' dir='ltr'>amplis</span> <span class='ocrx_word' id='word_1_207' title='bbox 791 1717 1006 1771; x_wconf 89' lang='lat' dir='ltr'>petiolatis</span> <span class='ocrx_word' id='word_1_208' title='bbox 1021 1717 1217 1770; x_wconf 81' lang='lat' dir='ltr'>oblongis</span> <span class='ocrx_word' id='word_1_209' title='bbox 1240 1718 1386 1760; x_wconf 90' lang='lat' dir='ltr'>rarius</span> <span class='ocrx_word' id='word_1_210' title='bbox 1403 1717 1604 1759; x_wconf 87' lang='lat' dir='ltr'>indivisis</span> <span class='ocrx_word' id='word_1_211' title='bbox 1626 1718 1786 1771; x_wconf 83' lang='lat' dir='ltr'>saepius</span> <span class='ocrx_word' id='word_1_212' title='bbox 1799 1717 1951 1771; x_wconf 91' lang='lat' dir='ltr'>pinna-</span> 
     </span>
     <span class='ocr_line' id='line_1_26' title="bbox 239 1776 1947 1830; baseline 0.001 -13"><span class='ocrx_word' id='word_1_213' title='bbox 239 1776 363 1818; x_wconf 84' lang='lat' dir='ltr'>titido</span> <span class='ocrx_word' id='word_1_214' title='bbox 388 1776 457 1819; x_wconf 87' lang='lat' dir='ltr'>vel</span> <span class='ocrx_word' id='word_1_215' title='bbox 487 1776 823 1830; x_wconf 83' lang='lat' dir='ltr'>partito-lyratis</span> <span class='ocrx_word' id='word_1_216' title='bbox 861 1776 1026 1819; x_wconf 89' lang='lat' dir='ltr'>laciniis</span> <span class='ocrx_word' id='word_1_217' title='bbox 1059 1777 1312 1820; x_wconf 86' lang='lat' dir='ltr'>lateralibus</span> <span class='ocrx_word' id='word_1_218' title='bbox 1352 1777 1424 1818; x_wconf 82' lang='lat'>1-3</span> <span class='ocrx_word' id='word_1_219' title='bbox 1454 1776 1703 1819; x_wconf 83' lang='lat' dir='ltr'>lanceolatis</span> <span class='ocrx_word' id='word_1_220' title='bbox 1739 1777 1947 1819; x_wconf 83' lang='lat' dir='ltr'>retrorsis</span> 
     </span>
     <span class='ocr_line' id='line_1_27' title="bbox 239 1835 1951 1888; baseline 0.001 -12"><span class='ocrx_word' id='word_1_221' title='bbox 239 1835 457 1876; x_wconf 87' lang='lat' dir='ltr'>terminali</span> <span class='ocrx_word' id='word_1_222' title='bbox 481 1835 668 1878; x_wconf 80' lang='lat' dir='ltr'>maxima</span> <span class='ocrx_word' id='word_1_223' title='bbox 693 1835 1008 1888; x_wconf 71' lang='lat' dir='ltr'>obtusiuscula5</span> <span class='ocrx_word' id='word_1_224' title='bbox 1030 1836 1142 1878; x_wconf 84' lang='lat' dir='ltr'>soliis</span> <span class='ocrx_word' id='word_1_225' title='bbox 1161 1836 1344 1878; x_wconf 89' lang='lat' dir='ltr'>caulinis</span> <span class='ocrx_word' id='word_1_226' title='bbox 1366 1836 1409 1877; x_wconf 94' lang='lat' dir='ltr'>in</span> <span class='ocrx_word' id='word_1_227' title='bbox 1428 1835 1537 1878; x_wconf 90' lang='lat' dir='ltr'>alam</span> <span class='ocrx_word' id='word_1_228' title='bbox 1563 1848 1586 1877; x_wconf 91' lang='lat' dir='ltr'>a</span> <span class='ocrx_word' id='word_1_229' title='bbox 1611 1836 1698 1878; x_wconf 87' lang='lat' dir='ltr'>basi</span> <span class='ocrx_word' id='word_1_230' title='bbox 1719 1837 1801 1877; x_wconf 80' lang='lat' dir='ltr'>lata</span> <span class='ocrx_word' id='word_1_231' title='bbox 1826 1835 1951 1878; x_wconf 86' lang='lat' dir='ltr'>deor·</span> 
     </span>
     <span class='ocr_line' id='line_1_28' title="bbox 240 1894 1949 1949; baseline 0.002 -15"><span class='ocrx_word' id='word_1_232' title='bbox 240 1905 338 1935; x_wconf 91' lang='lat' dir='ltr'>sum</span> <span class='ocrx_word' id='word_1_233' title='bbox 380 1894 704 1937; x_wconf 86' lang='lat' dir='ltr'>decrescentem</span> <span class='ocrx_word' id='word_1_234' title='bbox 743 1895 1082 1938; x_wconf 86' lang='lat' dir='ltr'>decurrentibus</span> <span class='ocrx_word' id='word_1_235' title='bbox 1114 1895 1309 1949; x_wconf 82' lang='lat' dir='ltr'>oblongis</span> <span class='ocrx_word' id='word_1_236' title='bbox 1338 1895 1533 1948; x_wconf 64' lang='lat' dir='ltr'>integris</span> <span class='ocrx_word' id='word_1_237' title='bbox 1568 1895 1728 1937; x_wconf 89' lang='lat' dir='ltr'>rameis</span> <span class='ocrx_word' id='word_1_238' title='bbox 1768 1894 1949 1937; x_wconf 87' lang='lat' dir='ltr'>minutis</span> 
     </span>
     <span class='ocr_line' id='line_1_29' title="bbox 238 1952 1946 2008; baseline 0.001 -15"><span class='ocrx_word' id='word_1_239' title='bbox 238 1952 716 2005; x_wconf 82' lang='lat' dir='ltr'>elliptico-linearibus‚</span> <span class='ocrx_word' id='word_1_240' title='bbox 744 1955 944 2008; x_wconf 87' lang='lat' dir='ltr'>capitulis</span> <span class='ocrx_word' id='word_1_241' title='bbox 978 1953 1238 2008; x_wconf 89' lang='lat' dir='ltr'>pedunculis</span> <span class='ocrx_word' id='word_1_242' title='bbox 1274 1954 1403 1997; x_wconf 89' lang='lat' dir='ltr'>nudis</span> <span class='ocrx_word' id='word_1_243' title='bbox 1438 1953 1505 1996; x_wconf 91' lang='lat' dir='ltr'>vel</span> <span class='ocrx_word' id='word_1_244' title='bbox 1540 1954 1706 1996; x_wconf 88' lang='lat' dir='ltr'>minute</span> <span class='ocrx_word' id='word_1_245' title='bbox 1739 1957 1781 1996; x_wconf 89' lang='lat' dir='ltr'>et</span> <span class='ocrx_word' id='word_1_246' title='bbox 1818 1965 1946 2007; x_wconf 90' lang='lat' dir='ltr'>parce</span> 
     </span>
     <span class='ocr_line' id='line_1_30' title="bbox 239 2011 1946 2067; baseline 0.001 -15"><span class='ocrx_word' id='word_1_247' title='bbox 239 2011 447 2054; x_wconf 85' lang='lat' dir='ltr'>soliolosis</span> <span class='ocrx_word' id='word_1_248' title='bbox 475 2012 767 2055; x_wconf 84' lang='lat' dir='ltr'>insidentibus</span> <span class='ocrx_word' id='word_1_249' title='bbox 796 2013 1050 2067; x_wconf 84' lang='lat' dir='ltr'>majusculis</span> <span class='ocrx_word' id='word_1_250' title='bbox 1074 2013 1398 2063; x_wconf 85' lang='lat' dir='ltr'>ovato-conicis,</span> <span class='ocrx_word' id='word_1_251' title='bbox 1427 2012 1641 2055; x_wconf 87' lang='lat' dir='ltr'>involucri</span> <span class='ocrx_word' id='word_1_252' title='bbox 1669 2013 1807 2066; x_wconf 84' lang='lat' dir='ltr'>glabri</span> <span class='ocrx_word' id='word_1_253' title='bbox 1835 2015 1946 2054; x_wconf 88' lang='lat' dir='ltr'>stra·</span> 
     </span>
     <span class='ocr_line' id='line_1_31' title="bbox 239 2070 1947 2127; baseline 0.001 -16"><span class='ocrx_word' id='word_1_254' title='bbox 239 2070 371 2111; x_wconf 85' lang='lat' dir='ltr'>minei</span> <span class='ocrx_word' id='word_1_255' title='bbox 404 2071 525 2124; x_wconf 90' lang='lat' dir='ltr'>apice</span> <span class='ocrx_word' id='word_1_256' title='bbox 566 2072 788 2115; x_wconf 87' lang='lat' dir='ltr'>constricti</span> <span class='ocrx_word' id='word_1_257' title='bbox 822 2072 984 2127; x_wconf 83' lang='lat' dir='ltr'>phyllis</span> <span class='ocrx_word' id='word_1_258' title='bbox 1021 2072 1228 2115; x_wconf 83' lang='lat' dir='ltr'>coriaceis</span> <span class='ocrx_word' id='word_1_259' title='bbox 1276 2072 1486 2127; x_wconf 87' lang='lat' dir='ltr'>adpresse</span> <span class='ocrx_word' id='word_1_260' title='bbox 1525 2071 1764 2114; x_wconf 83' lang='lat' dir='ltr'>imbricatis</span> <span class='ocrx_word' id='word_1_261' title='bbox 1808 2071 1947 2114; x_wconf 90' lang='lat' dir='ltr'>acutis</span> 
     </span>
     <span class='ocr_line' id='line_1_32' title="bbox 239 2128 1947 2185; baseline 0.001 -15"><span class='ocrx_word' id='word_1_262' title='bbox 239 2128 497 2172; x_wconf 87' lang='lat' dir='ltr'>brevissime</span> <span class='ocrx_word' id='word_1_263' title='bbox 516 2131 1031 2185; x_wconf 89' lang='lat' dir='ltr'>mucronulato-spinosis</span> <span class='ocrx_word' id='word_1_264' title='bbox 1054 2131 1106 2173; x_wconf 90' lang='lat' dir='ltr'>ab</span> <span class='ocrx_word' id='word_1_265' title='bbox 1127 2131 1290 2173; x_wconf 86' lang='lat' dir='ltr'>infimis</span> <span class='ocrx_word' id='word_1_266' title='bbox 1314 2131 1507 2174; x_wconf 86' lang='lat' dir='ltr'>breviter</span> <span class='ocrx_word' id='word_1_267' title='bbox 1526 2131 1872 2183; x_wconf 83' lang='lat' dir='ltr'>triangularibus</span> <span class='ocrx_word' id='word_1_268' title='bbox 1894 2129 1947 2171; x_wconf 89' lang='lat' dir='ltr'>ad</span> 
     </span>
     <span class='ocr_line' id='line_1_33' title="bbox 239 2188 1947 2244; baseline 0.001 -15"><span class='ocrx_word' id='word_1_269' title='bbox 239 2188 496 2231; x_wconf 79' lang='lat' dir='ltr'>intermedia</span> <span class='ocrx_word' id='word_1_270' title='bbox 519 2190 755 2233; x_wconf 82' lang='lat' dir='ltr'>lanceolata</span> <span class='ocrx_word' id='word_1_271' title='bbox 779 2190 991 2243; x_wconf 82' lang='lat' dir='ltr'>elongatis</span> <span class='ocrx_word' id='word_1_272' title='bbox 1012 2190 1180 2232; x_wconf 87' lang='lat' dir='ltr'>intimis</span> <span class='ocrx_word' id='word_1_273' title='bbox 1199 2191 1318 2244; x_wconf 86' lang='lat' dir='ltr'>apice</span> <span class='ocrx_word' id='word_1_274' title='bbox 1344 2191 1514 2233; x_wconf 90' lang='lat' dir='ltr'>obtusis</span> <span class='ocrx_word' id='word_1_275' title='bbox 1539 2190 1707 2232; x_wconf 87' lang='lat' dir='ltr'>minute</span> <span class='ocrx_word' id='word_1_276' title='bbox 1730 2188 1947 2241; x_wconf 91' lang='lat' dir='ltr'>scariosis,</span> 
     </span>
     <span class='ocr_line' id='line_1_34' title="bbox 241 2246 1946 2303; baseline 0.001 -15"><span class='ocrx_word' id='word_1_277' title='bbox 241 2246 432 2289; x_wconf 87' lang='lat' dir='ltr'>flosculis</span> <span class='ocrx_word' id='word_1_278' title='bbox 463 2248 590 2291; x_wconf 87' lang='lat' dir='ltr'>luteis</span> <span class='ocrx_word' id='word_1_279' title='bbox 618 2262 703 2291; x_wconf 91' lang='lat' dir='ltr'>non</span> <span class='ocrx_word' id='word_1_280' title='bbox 730 2249 1019 2301; x_wconf 85' lang='lat' dir='ltr'>radiantibus,</span> <span class='ocrx_word' id='word_1_281' title='bbox 1045 2249 1236 2292; x_wconf 88' lang='lat' dir='ltr'>achcniis</span> <span class='ocrx_word' id='word_1_282' title='bbox 1263 2250 1371 2292; x_wconf 91' lang='lat' dir='ltr'>albis</span> <span class='ocrx_word' id='word_1_283' title='bbox 1398 2248 1622 2299; x_wconf 81' lang='lat' dir='ltr'>brevibus,</span> <span class='ocrx_word' id='word_1_284' title='bbox 1646 2249 1774 2303; x_wconf 87' lang='lat' dir='ltr'>pappi</span> <span class='ocrx_word' id='word_1_285' title='bbox 1805 2248 1946 2290; x_wconf 82' lang='lat' dir='ltr'>rufes-</span> 
     </span>
     <span class='ocr_line' id='line_1_35' title="bbox 237 2306 1939 2363; baseline 0.001 -17"><span class='ocrx_word' id='word_1_286' title='bbox 237 2306 374 2348; x_wconf 87' lang='lat' dir='ltr'>centis</span> <span class='ocrx_word' id='word_1_287' title='bbox 398 2308 513 2348; x_wconf 88' lang='lat' dir='ltr'>serie</span> <span class='ocrx_word' id='word_1_288' title='bbox 539 2309 778 2361; x_wconf 78' lang='lat' dir='ltr'>penultima</span> <span class='ocrx_word' id='word_1_289' title='bbox 804 2309 981 2351; x_wconf 90' lang='lat' dir='ltr'>achenio</span> <span class='ocrx_word' id='word_1_290' title='bbox 1008 2309 1287 2361; x_wconf 84' lang='lat' dir='ltr'>sublongiore</span> <span class='ocrx_word' id='word_1_291' title='bbox 1316 2308 1372 2363; x_wconf 50' lang='grc' dir='ltr'>ΕΔ)</span> <span class='ocrx_word' id='word_1_292' title='bbox 1407 2308 1474 2350; x_wconf 88' lang='lat' dir='ltr'>vel</span> <span class='ocrx_word' id='word_1_293' title='bbox 1511 2315 1571 2356; x_wconf 70' lang='lat'>36.</span> <span class='ocrx_word' id='word_1_294' title='bbox 1610 2307 1650 2349; x_wconf 91' lang='lat' dir='ltr'>C.</span> <span class='ocrx_word' id='word_1_295' title='bbox 1677 2307 1796 2348; x_wconf 80' lang='lat' dir='ltr'>alata</span> <span class='ocrx_word' id='word_1_296' title='bbox 1823 2306 1939 2349; x_wconf 89' lang='lat' dir='ltr'>Lam.</span> 
     </span>
     <span class='ocr_line' id='line_1_36' title="bbox 240 2364 1948 2420; baseline 0.001 -15"><span class='ocrx_word' id='word_1_297' title='bbox 240 2364 352 2406; x_wconf 86' lang='lat' dir='ltr'>Dict.</span> <span class='ocrx_word' id='word_1_298' title='bbox 378 2365 408 2418; x_wconf 77' lang='grc'>1,</span> <span class='ocrx_word' id='word_1_299' title='bbox 430 2380 471 2420; x_wconf 89' lang='lat' dir='ltr'>p.</span> <span class='ocrx_word' id='word_1_300' title='bbox 502 2367 600 2409; x_wconf 78' lang='lat'><strong>665.</strong></span> <span class='ocrx_word' id='word_1_301' title='bbox 630 2367 758 2409; x_wconf 88' lang='lat' dir='ltr'>Vent.</span> <span class='ocrx_word' id='word_1_302' title='bbox 789 2367 886 2410; x_wconf 89' lang='lat' dir='ltr'>Cels</span> <span class='ocrx_word' id='word_1_303' title='bbox 911 2368 995 2410; x_wconf 88' lang='lat' dir='ltr'>tab.</span> <span class='ocrx_word' id='word_1_304' title='bbox 1022 2369 1091 2410; x_wconf 88' lang='grc'>80.</span> <span class='ocrx_word' id='word_1_305' title='bbox 1126 2392 1178 2398; x_wconf 90' lang='grc'>--</span> <span class='ocrx_word' id='word_1_306' title='bbox 1212 2367 1254 2410; x_wconf 89' lang='lat' dir='ltr'>C.</span> <span class='ocrx_word' id='word_1_307' title='bbox 1286 2369 1415 2409; x_wconf 81' lang='lat' dir='ltr'>acuta</span> <span class='ocrx_word' id='word_1_308' title='bbox 1441 2367 1564 2410; x_wconf 87' lang='lat' dir='ltr'>Vahl.</span> <span class='ocrx_word' id='word_1_309' title='bbox 1605 2391 1658 2396; x_wconf 92' lang='lat'>——</span> <span class='ocrx_word' id='word_1_310' title='bbox 1693 2366 1733 2409; x_wconf 89' lang='lat' dir='ltr'>C.</span> <span class='ocrx_word' id='word_1_311' title='bbox 1771 2365 1948 2408; x_wconf 78' lang='lat' dir='ltr'>Germa-</span> 
     </span>
     <span class='ocr_line' id='line_1_37' title="bbox 237 2422 1936 2522; baseline 0.001 -59"><span class='ocrx_word' id='word_1_312' title='bbox 237 2422 366 2522; x_wconf 48' lang='lat' dir='ltr'>}tlicioe</span> <span class='ocrx_word' id='word_1_313' title='bbox 390 2425 576 2468; x_wconf 88' lang='lat' dir='ltr'>Haussk.</span> <span class='ocrx_word' id='word_1_314' title='bbox 596 2426 650 2479; x_wconf 88' lang='lat' dir='ltr'>pl.</span> <span class='ocrx_word' id='word_1_315' title='bbox 673 2438 765 2468; x_wconf 82' lang='lat' dir='ltr'>exs.</span> <span class='ocrx_word' id='word_1_316' title='bbox 798 2451 849 2456; x_wconf 84' lang='lat'>—-</span> <span class='ocrx_word' id='word_1_317' title='bbox 875 2426 1021 2468; x_wconf 71' lang='lat' dir='ltr'>Behen</span> <span class='ocrx_word' id='word_1_318' title='bbox 1042 2425 1190 2468; x_wconf 76' lang='lat' dir='ltr'>album</span> <span class='ocrx_word' id='word_1_319' title='bbox 1216 2427 1368 2469; x_wconf 78' lang='lat' dir='ltr'>Rauw.</span> <span class='ocrx_word' id='word_1_320' title='bbox 1401 2427 1451 2469; x_wconf 85' lang='lat' dir='ltr'>It.</span> <span class='ocrx_word' id='word_1_321' title='bbox 1479 2425 1564 2468; x_wconf 89' lang='lat' dir='ltr'>tab.</span> <span class='ocrx_word' id='word_1_322' title='bbox 1589 2426 1687 2467; x_wconf 66' lang='lat'>288.</span> <span class='ocrx_word' id='word_1_323' title='bbox 1718 2450 1772 2455; x_wconf 88' lang='lat'>—-</span> <span class='ocrx_word' id='word_1_324' title='bbox 1799 2424 1936 2466; x_wconf 22' lang='lat' dir='ltr'>Bauh*</span> 
     </span>
    </p>

    <p class='ocr_par' dir='ltr' id='par_1_8' title="bbox 280 2483 684 2538">
     <span class='ocr_line' id='line_1_38' title="bbox 280 2483 684 2538; baseline 0.002 -15"><span class='ocrx_word' id='word_1_325' title='bbox 280 2483 348 2524; x_wconf 85' lang='lat' dir='ltr'>ist.</span> <span class='ocrx_word' id='word_1_326' title='bbox 377 2483 450 2536; x_wconf 85' lang='grc' dir='ltr'>ΙΙΙ,</span> <span class='ocrx_word' id='word_1_327' title='bbox 480 2497 518 2538; x_wconf 91' lang='lat' dir='ltr'>p.</span> <span class='ocrx_word' id='word_1_328' title='bbox 549 2486 601 2526; x_wconf 83' lang='lat'>37</span> <span class='ocrx_word' id='word_1_329' title='bbox 630 2485 684 2527; x_wconf 91' lang='lat' dir='ltr'>Ic.</span> 
     </span>
    </p>
   </div>
   <div class='ocr_carea' id='block_1_7' title="bbox 235 2548 1949 2832">
    <p class='ocr_par' dir='ltr' id='par_1_9' title="bbox 235 2548 1949 2832">
     <span class='ocr_line' id='line_1_39' title="bbox 284 2548 1945 2596; baseline 0.002 -14"><span class='ocrx_word' id='word_1_330' title='bbox 284 2548 387 2584; x_wconf 89' lang='lat' dir='ltr'>Hab.</span> <span class='ocrx_word' id='word_1_331' title='bbox 409 2551 448 2584; x_wconf 86' lang='lat' dir='ltr'>in</span> <span class='ocrx_word' id='word_1_332' title='bbox 472 2551 583 2585; x_wconf 82' lang='lat' dir='ltr'>siccis</span> <span class='ocrx_word' id='word_1_333' title='bbox 605 2551 776 2596; x_wconf 82' lang='lat' dir='ltr'>regionis</span> <span class='ocrx_word' id='word_1_334' title='bbox 802 2551 999 2587; x_wconf 87' lang='lat' dir='ltr'>inferioris</span> <span class='ocrx_word' id='word_1_335' title='bbox 1027 2553 1226 2587; x_wconf 68' lang='lat' dir='ltr'>montanae</span> <span class='ocrx_word' id='word_1_336' title='bbox 1253 2553 1289 2587; x_wconf 86' lang='lat' dir='ltr'>et</span> <span class='ocrx_word' id='word_1_337' title='bbox 1315 2553 1354 2587; x_wconf 92' lang='lat' dir='ltr'>in</span> <span class='ocrx_word' id='word_1_338' title='bbox 1384 2550 1686 2586; x_wconf 86' lang='lat' dir='ltr'>australioribus</span> <span class='ocrx_word' id='word_1_339' title='bbox 1711 2550 1945 2596; x_wconf 68' lang='lat' dir='ltr'>subalpinae,</span> 
     </span>
     <span class='ocr_line' id='line_1_40' title="bbox 238 2594 1949 2645; baseline 0.002 -16"><span class='ocrx_word' id='word_1_340' title='bbox 238 2594 374 2631; x_wconf 86' lang='lat' dir='ltr'>Cilicia</span> <span class='ocrx_word' id='word_1_341' title='bbox 397 2597 448 2632; x_wconf 84' lang='lat' dir='ltr'>ad</span> <span class='ocrx_word' id='word_1_342' title='bbox 473 2597 687 2634; x_wconf 73' lang='lat' dir='ltr'>Bouloulzli</span> <span class='ocrx_word' id='word_1_343' title='bbox 713 2599 851 2645; x_wconf 78' lang='lat' dir='ltr'>(Ball),</span> <span class='ocrx_word' id='word_1_344' title='bbox 880 2598 994 2643; x_wconf 79' lang='lat' dir='ltr'>Syria</span> <span class='ocrx_word' id='word_1_345' title='bbox 1023 2609 1143 2645; x_wconf 86' lang='lat' dir='ltr'>prope</span> <span class='ocrx_word' id='word_1_346' title='bbox 1171 2598 1350 2634; x_wconf 85' lang='lat' dir='ltr'>Marasch</span> <span class='ocrx_word' id='word_1_347' title='bbox 1371 2598 1598 2643; x_wconf 79' lang='lat' dir='ltr'>(Haussk!)‚</span> <span class='ocrx_word' id='word_1_348' title='bbox 1621 2599 1721 2633; x_wconf 85' lang='lat' dir='ltr'>inter</span> <span class='ocrx_word' id='word_1_349' title='bbox 1741 2597 1894 2644; x_wconf 88' lang='lat' dir='ltr'>Aleppo</span> <span class='ocrx_word' id='word_1_350' title='bbox 1912 2599 1949 2632; x_wconf 89' lang='lat' dir='ltr'>et</span> 
     </span>
     <span class='ocr_line' id='line_1_41' title="bbox 237 2643 1948 2695; baseline 0.001 -18"><span class='ocrx_word' id='word_1_351' title='bbox 237 2643 488 2695; x_wconf 31' lang='lat' dir='ltr'>Avntiocbiam</span> <span class='ocrx_word' id='word_1_352' title='bbox 507 2645 639 2688; x_wconf 82' lang='lat' dir='ltr'>(Boiss</span> <span class='ocrx_word' id='word_1_353' title='bbox 653 2648 688 2684; x_wconf 71' lang='lat' dir='ltr'>ll,</span> <span class='ocrx_word' id='word_1_354' title='bbox 707 2645 995 2692; x_wconf 82' lang='lat' dir='ltr'>Mesopotamia</span> <span class='ocrx_word' id='word_1_355' title='bbox 1008 2646 1099 2691; x_wconf 85' lang='lat' dir='ltr'>(Ky.</span> <span class='ocrx_word' id='word_1_356' title='bbox 1113 2646 1184 2682; x_wconf 66' lang='lat'>395³</span> <span class='ocrx_word' id='word_1_357' title='bbox 1198 2648 1234 2690; x_wconf 82' lang='lat' dir='ltr'>l),</span> <span class='ocrx_word' id='word_1_358' title='bbox 1246 2646 1434 2682; x_wconf 85' lang='lat' dir='ltr'>Armenia</span> <span class='ocrx_word' id='word_1_359' title='bbox 1452 2646 1613 2681; x_wconf 84' lang='lat' dir='ltr'>Rossica</span> <span class='ocrx_word' id='word_1_360' title='bbox 1627 2646 1778 2689; x_wconf 73' lang='lat' dir='ltr'>(Szovl)</span> <span class='ocrx_word' id='word_1_361' title='bbox 1790 2647 1826 2679; x_wconf 86' lang='lat' dir='ltr'>et</span> <span class='ocrx_word' id='word_1_362' title='bbox 1838 2653 1948 2691; x_wconf 85' lang='lat' dir='ltr'>prov.</span> 
     </span>
     <span class='ocr_line' id='line_1_42' title="bbox 236 2688 1947 2737; baseline 0.002 -15"><span class='ocrx_word' id='word_1_363' title='bbox 236 2688 449 2737; x_wconf 73' lang='lat' dir='ltr'>Ixaradagh</span> <span class='ocrx_word' id='word_1_364' title='bbox 465 2691 661 2737; x_wconf 80' lang='lat' dir='ltr'>(ssuhsel)‚</span> <span class='ocrx_word' id='word_1_365' title='bbox 674 2692 927 2729; x_wconf 83' lang='lat' dir='ltr'>Kurdistania</span> <span class='ocrx_word' id='word_1_366' title='bbox 940 2693 1095 2728; x_wconf 87' lang='lat' dir='ltr'>Persica</span> <span class='ocrx_word' id='word_1_367' title='bbox 1114 2695 1151 2728; x_wconf 86' lang='lat' dir='ltr'>et</span> <span class='ocrx_word' id='word_1_368' title='bbox 1169 2693 1301 2729; x_wconf 85' lang='lat' dir='ltr'>Persia</span> <span class='ocrx_word' id='word_1_369' title='bbox 1318 2693 1438 2729; x_wconf 68' lang='lat' dir='ltr'>occid,</span> <span class='ocrx_word' id='word_1_370' title='bbox 1460 2692 1685 2735; x_wconf 78' lang='lat' dir='ltr'>(Hausskl)‚</span> <span class='ocrx_word' id='word_1_371' title='bbox 1704 2692 1838 2727; x_wconf 87' lang='lat' dir='ltr'>Persia</span> <span class='ocrx_word' id='word_1_372' title='bbox 1855 2701 1947 2727; x_wconf 85' lang='lat' dir='ltr'>aus-</span> 
     </span>
     <span class='ocr_line' id='line_1_43' title="bbox 235 2736 1948 2786; baseline 0.002 -16"><span class='ocrx_word' id='word_1_373' title='bbox 235 2736 347 2772; x_wconf 85' lang='lat' dir='ltr'>tralis</span> <span class='ocrx_word' id='word_1_374' title='bbox 366 2741 402 2773; x_wconf 84' lang='lat' dir='ltr'>et</span> <span class='ocrx_word' id='word_1_375' title='bbox 421 2739 594 2775; x_wconf 85' lang='lat' dir='ltr'>borealis</span> <span class='ocrx_word' id='word_1_376' title='bbox 613 2740 664 2775; x_wconf 85' lang='lat' dir='ltr'>ad</span> <span class='ocrx_word' id='word_1_377' title='bbox 683 2740 833 2776; x_wconf 85' lang='lat' dir='ltr'>radices</span> <span class='ocrx_word' id='word_1_378' title='bbox 856 2741 1001 2776; x_wconf 65' lang='lat' dir='ltr'>montis</span> <span class='ocrx_word' id='word_1_379' title='bbox 1021 2739 1168 2776; x_wconf 88' lang='lat' dir='ltr'>Elbrus</span> <span class='ocrx_word' id='word_1_380' title='bbox 1187 2740 1279 2786; x_wconf 87' lang='lat' dir='ltr'><strong>(Ky.</strong></span> <span class='ocrx_word' id='word_1_381' title='bbox 1297 2741 1417 2785; x_wconf 67' lang='lat'>5033),</span> <span class='ocrx_word' id='word_1_382' title='bbox 1438 2740 1478 2775; x_wconf 93' lang='lat' dir='ltr'>in</span> <span class='ocrx_word' id='word_1_383' title='bbox 1498 2740 1691 2775; x_wconf 89' lang='lat' dir='ltr'>montosis</span> <span class='ocrx_word' id='word_1_384' title='bbox 1711 2749 1819 2786; x_wconf 89' lang='lat' dir='ltr'>prov.</span> <span class='ocrx_word' id='word_1_385' title='bbox 1839 2738 1948 2774; x_wconf 88' lang='lat' dir='ltr'>Kho-</span> 
     </span>
     <span class='ocr_line' id='line_1_44' title="bbox 235 2785 1685 2832; baseline 0.002 -14"><span class='ocrx_word' id='word_1_386' title='bbox 235 2793 375 2819; x_wconf 83' lang='lat' dir='ltr'>rassan</span> <span class='ocrx_word' id='word_1_387' title='bbox 397 2785 545 2831; x_wconf 83' lang='lat' dir='ltr'>(Bge!),</span> <span class='ocrx_word' id='word_1_388' title='bbox 562 2787 602 2821; x_wconf 91' lang='lat' dir='ltr'>in</span> <span class='ocrx_word' id='word_1_389' title='bbox 621 2789 755 2822; x_wconf 88' lang='lat' dir='ltr'>monte</span> <span class='ocrx_word' id='word_1_390' title='bbox 774 2787 1071 2823; x_wconf 85' lang='lat' dir='ltr'>Beschbarmak</span> <span class='ocrx_word' id='word_1_391' title='bbox 1090 2788 1409 2823; x_wconf 85' lang='lat' dir='ltr'>Transcaucasiae</span> <span class='ocrx_word' id='word_1_392' title='bbox 1426 2787 1533 2832; x_wconf 68' lang='lat' dir='ltr'><strong>(CA.</strong></span> <span class='ocrx_word' id='word_1_393' title='bbox 1553 2787 1685 2832; x_wconf 85' lang='lat' dir='ltr'>Mey.).</span> 
     </span>
    </p>
   </div>
   <div class='ocr_carea' id='block_1_8' title="bbox 297 2841 1946 2899">
    <p class='ocr_par' dir='ltr' id='par_1_10' title="bbox 297 2841 1946 2899">
     <span class='ocr_line' id='line_1_45' title="bbox 297 2841 1946 2899; baseline 0.001 -17"><span class='ocrx_word' id='word_1_394' title='bbox 297 2841 340 2894; x_wconf 82' lang='grc' dir='ltr'>β.</span> <span class='ocrx_word' id='word_1_395' title='bbox 356 2841 673 2886; x_wconf 73' lang='lat' dir='ltr'>subbracteata.</span> <span class='ocrx_word' id='word_1_396' title='bbox 689 2845 877 2887; x_wconf 78' lang='lat' dir='ltr'>—Folia</span> <span class='ocrx_word' id='word_1_397' title='bbox 897 2844 1210 2899; x_wconf 89' lang='lat' dir='ltr'>peduncularia</span> <span class='ocrx_word' id='word_1_398' title='bbox 1235 2846 1431 2899; x_wconf 82' lang='lat' dir='ltr'>elongata</span> <span class='ocrx_word' id='word_1_399' title='bbox 1461 2845 1698 2898; x_wconf 88' lang='lat' dir='ltr'>capitulum</span> <span class='ocrx_word' id='word_1_400' title='bbox 1724 2841 1946 2886; x_wconf 87' lang='lat' dir='ltr'>interdum</span> 
     </span>
    </p>
   </div>
   <div class='ocr_carea' id='block_1_9' title="bbox 235 2901 969 2958">
    <p class='ocr_par' dir='ltr' id='par_1_11' title="bbox 235 2901 969 2958">
     <span class='ocr_line' id='line_1_46' title="bbox 235 2901 969 2958; baseline 0.008 -18"><span class='ocrx_word' id='word_1_401' title='bbox 235 2901 452 2954; x_wconf 83' lang='lat' dir='ltr'>aequantia</span> <span class='ocrx_word' id='word_1_402' title='bbox 475 2902 552 2944; x_wconf 90' lang='lat' dir='ltr'>sed</span> <span class='ocrx_word' id='word_1_403' title='bbox 576 2915 752 2958; x_wconf 88' lang='lat' dir='ltr'>semper</span> <span class='ocrx_word' id='word_1_404' title='bbox 771 2904 969 2946; x_wconf 87' lang='lat' dir='ltr'>linearia.</span> 
     </span>
    </p>
   </div>
   <div class='ocr_carea' id='block_1_10' title="bbox 237 2965 1946 3060">
    <p class='ocr_par' dir='ltr' id='par_1_12' title="bbox 237 2965 1946 3060">
     <span class='ocr_line' id='line_1_47' title="bbox 286 2965 1946 3016; baseline 0.001 -16"><span class='ocrx_word' id='word_1_405' title='bbox 286 2965 384 3001; x_wconf 76' lang='lat' dir='ltr'>Hal).</span> <span class='ocrx_word' id='word_1_406' title='bbox 400 2967 438 3001; x_wconf 91' lang='lat' dir='ltr'>in</span> <span class='ocrx_word' id='word_1_407' title='bbox 452 2966 565 3013; x_wconf 72' lang='lat' dir='ltr'>Syria</span> <span class='ocrx_word' id='word_1_408' title='bbox 578 2968 741 3004; x_wconf 86' lang='lat' dir='ltr'>littorali</span> <span class='ocrx_word' id='word_1_409' title='bbox 753 2969 802 3004; x_wconf 88' lang='lat' dir='ltr'>ad</span> <span class='ocrx_word' id='word_1_410' title='bbox 814 2970 972 3006; x_wconf 86' lang='lat' dir='ltr'>Amrith</span> <span class='ocrx_word' id='word_1_411' title='bbox 982 2979 1103 3016; x_wconf 88' lang='lat' dir='ltr'>prope</span> <span class='ocrx_word' id='word_1_412' title='bbox 1115 2968 1492 3013; x_wconf 62' lang='lat' dir='ltr'>Tortosamfflrailll)</span> <span class='ocrx_word' id='word_1_413' title='bbox 1504 2969 1591 3004; x_wconf 88' lang='lat' dir='ltr'>etin</span> <span class='ocrx_word' id='word_1_414' title='bbox 1603 2968 1719 3014; x_wconf 75' lang='lat' dir='ltr'>Syria</span> <span class='ocrx_word' id='word_1_415' title='bbox 1730 2967 1810 3002; x_wconf 89' lang='lat' dir='ltr'>bor.</span> <span class='ocrx_word' id='word_1_416' title='bbox 1825 2975 1946 3013; x_wconf 89' lang='lat' dir='ltr'>prope</span> 
     </span>
     <span class='ocr_line' id='line_1_48' title="bbox 237 3012 625 3060; baseline 0.01 -14"><span class='ocrx_word' id='word_1_417' title='bbox 237 3012 383 3048; x_wconf 86' lang='lat' dir='ltr'>Aintab</span> <span class='ocrx_word' id='word_1_418' title='bbox 400 3014 576 3059; x_wconf 86' lang='lat' dir='ltr'>(Haussk</span> <span class='ocrx_word' id='word_1_419' title='bbox 588 3016 625 3060; x_wconf 78' lang='lat' dir='ltr'>l).</span> 
     </span>
    </p>
   </div>
  </div>
 </body>
</html>
