<?xml version="1.0" encoding="UTF-8"?>
<!DOCTYPE html PUBLIC "-//W3C//DTD XHTML 1.0 Transitional//EN"
    "http://www.w3.org/TR/xhtml1/DTD/xhtml1-transitional.dtd">
<html xmlns="http://www.w3.org/1999/xhtml" xml:lang="en" lang="en">
 <head>
  <title>
</title>
<meta http-equiv="Content-Type" content="text/html;charset=utf-8" />
  <meta name='ocr-system' content='tesseract 3.04.00' />
  <meta name='ocr-capabilities' content='ocr_page ocr_carea ocr_par ocr_line ocrx_word'/>
</head>
<body>
  <div class='ocr_page' id='page_1' title='image "./floraorientaliss03bois/floraorientaliss03bois_0505.png"; bbox 0 0 2066 3296; ppageno 0'>
   <div class='ocr_carea' id='block_1_1' title="bbox 122 245 1831 290">
    <p class='ocr_par' dir='ltr' id='par_1_1' title="bbox 122 245 1831 290">
     <span class='ocr_line' id='line_1_1' title="bbox 122 245 1831 290; baseline 0.004 -7"><span class='ocrx_word' id='word_1_1' title='bbox 122 245 350 283; x_wconf 78' lang='lat' dir='ltr'>Calendula.</span> <span class='ocrx_word' id='word_1_2' title='bbox 849 254 1097 280; x_wconf 77' lang='lat' dir='ltr'><strong>COMPOSITAE.</strong></span> <span class='ocrx_word' id='word_1_3' title='bbox 1759 254 1831 290; x_wconf 83' lang='lat'>419</span> 
     </span>
    </p>
   </div>
   <div class='ocr_carea' id='block_1_2' title="bbox 118 326 1829 557">
    <p class='ocr_par' dir='ltr' id='par_1_2' title="bbox 118 326 1828 439">
     <span class='ocr_line' id='line_1_2' title="bbox 119 326 1828 386; baseline 0.002 -15"><span class='ocrx_word' id='word_1_4' title='bbox 119 328 189 371; x_wconf 89' lang='lat' dir='ltr'>vel</span> <span class='ocrx_word' id='word_1_5' title='bbox 212 327 340 369; x_wconf 85' lang='lat' dir='ltr'>etiam</span> <span class='ocrx_word' id='word_1_6' title='bbox 363 327 438 369; x_wconf 85' lang='lat' dir='ltr'>vix</span> <span class='ocrx_word' id='word_1_7' title='bbox 464 327 625 380; x_wconf 76' lang='lat' dir='ltr'>maiora</span> <span class='ocrx_word' id='word_1_8' title='bbox 650 326 846 377; x_wconf 75' lang='lat' dir='ltr'><strong>margine</strong></span> <span class='ocrx_word' id='word_1_9' title='bbox 875 339 962 368; x_wconf 87' lang='lat' dir='ltr'>non</span> <span class='ocrx_word' id='word_1_10' title='bbox 987 327 1160 368; x_wconf 85' lang='lat' dir='ltr'>cristata</span> <span class='ocrx_word' id='word_1_11' title='bbox 1186 332 1227 371; x_wconf 89' lang='lat' dir='ltr'>et</span> <span class='ocrx_word' id='word_1_12' title='bbox 1251 329 1381 372; x_wconf 89' lang='lat' dir='ltr'>dorso</span> <span class='ocrx_word' id='word_1_13' title='bbox 1415 343 1531 386; x_wconf 80' lang='lat' dir='ltr'>saepe</span> <span class='ocrx_word' id='word_1_14' title='bbox 1562 346 1723 386; x_wconf 85' lang='lat' dir='ltr'>rugosa</span> <span class='ocrx_word' id='word_1_15' title='bbox 1750 348 1828 379; x_wconf 81' lang='lat' dir='ltr'>nec</span> 
     </span>
     <span class='ocr_line' id='line_1_3' title="bbox 118 384 1274 439; baseline -0.006 -9"><span class='ocrx_word' id='word_1_16' title='bbox 118 387 325 430; x_wconf 89' lang='lat' dir='ltr'>echinata.</span> <span class='ocrx_word' id='word_1_17' title='bbox 352 409 408 414; x_wconf 93' lang='lat'>—</span> <span class='ocrx_word' id='word_1_18' title='bbox 441 384 480 427; x_wconf 84' lang='lat' dir='ltr'>G.</span> <span class='ocrx_word' id='word_1_19' title='bbox 504 384 692 437; x_wconf 62' lang='lat' dir='ltr'>gracilis</span> <span class='ocrx_word' id='word_1_20' title='bbox 713 397 795 427; x_wconf 67' lang='lat' dir='ltr'>nc.</span> <span class='ocrx_word' id='word_1_21' title='bbox 825 384 979 431; x_wconf 73' lang='lat' dir='ltr'>Prodr.</span> <span class='ocrx_word' id='word_1_22' title='bbox 1013 385 1083 431; x_wconf 82' lang='lat' dir='ltr'>VI,</span> <span class='ocrx_word' id='word_1_23' title='bbox 1113 400 1148 439; x_wconf 86' lang='lat' dir='ltr'>p.</span> <span class='ocrx_word' id='word_1_24' title='bbox 1176 389 1274 429; x_wconf 71' lang='grc'>453</span> 
     </span>
    </p>

    <p class='ocr_par' dir='ltr' id='par_1_3' title="bbox 118 457 1829 557">
     <span class='ocr_line' id='line_1_4' title="bbox 166 457 1829 511; baseline 0.004 -17"><span class='ocrx_word' id='word_1_25' title='bbox 166 459 266 494; x_wconf 90' lang='lat' dir='ltr'>Hab.</span> <span class='ocrx_word' id='word_1_26' title='bbox 295 458 336 493; x_wconf 89' lang='lat' dir='ltr'>in</span> <span class='ocrx_word' id='word_1_27' title='bbox 360 458 477 494; x_wconf 83' lang='lat' dir='ltr'>cultis</span> <span class='ocrx_word' id='word_1_28' title='bbox 507 468 605 504; x_wconf 91' lang='lat' dir='ltr'>prov</span> <span class='ocrx_word' id='word_1_29' title='bbox 652 457 867 510; x_wconf 77' lang='lat' dir='ltr'>Karabagh</span> <span class='ocrx_word' id='word_1_30' title='bbox 893 460 930 510; x_wconf 77' lang='lat' dir='ltr'>et</span> <span class='ocrx_word' id='word_1_31' title='bbox 956 469 1076 505; x_wconf 87' lang='lat' dir='ltr'>prope</span> <span class='ocrx_word' id='word_1_32' title='bbox 1106 459 1219 495; x_wconf 88' lang='lat' dir='ltr'>Baku</span> <span class='ocrx_word' id='word_1_33' title='bbox 1249 461 1358 504; x_wconf 70' lang='lat' dir='ltr'>(CA.</span> <span class='ocrx_word' id='word_1_34' title='bbox 1380 463 1518 508; x_wconf 82' lang='lat' dir='ltr'>Mey!)‚</span> <span class='ocrx_word' id='word_1_35' title='bbox 1537 466 1577 500; x_wconf 90' lang='lat' dir='ltr'>in</span> <span class='ocrx_word' id='word_1_36' title='bbox 1596 465 1710 511; x_wconf 81' lang='lat' dir='ltr'>Syria</span> <span class='ocrx_word' id='word_1_37' title='bbox 1728 467 1829 503; x_wconf 85' lang='lat' dir='ltr'>circa</span> 
     </span>
     <span class='ocr_line' id='line_1_5' title="bbox 118 504 1779 557; baseline 0.004 -14"><span class='ocrx_word' id='word_1_38' title='bbox 118 506 271 553; x_wconf 75' lang='lat' dir='ltr'>Aleppo</span> <span class='ocrx_word' id='word_1_39' title='bbox 289 505 382 551; x_wconf 87' lang='lat' dir='ltr'><strong>(Ky.</strong></span> <span class='ocrx_word' id='word_1_40' title='bbox 402 506 466 541; x_wconf 77' lang='lat'>571</span> <span class='ocrx_word' id='word_1_41' title='bbox 487 504 691 548; x_wconf 79' lang='lat' dir='ltr'>HausskD,</span> <span class='ocrx_word' id='word_1_42' title='bbox 710 505 826 539; x_wconf 77' lang='lat' dir='ltr'>Caria</span> <span class='ocrx_word' id='word_1_43' title='bbox 843 504 1055 548; x_wconf 62' lang='lat' dir='ltr'>(Pinardll,</span> <span class='ocrx_word' id='word_1_44' title='bbox 1076 506 1208 552; x_wconf 89' lang='lat' dir='ltr'>Cypro</span> <span class='ocrx_word' id='word_1_45' title='bbox 1227 508 1319 554; x_wconf 66' lang='grc' dir='ltr'>(ΚΥ.</span> <span class='ocrx_word' id='word_1_46' title='bbox 1339 511 1425 546; x_wconf 73' lang='grc'>2511</span> <span class='ocrx_word' id='word_1_47' title='bbox 1445 511 1519 546; x_wconf 91' lang='lat' dir='ltr'>sub</span> <span class='ocrx_word' id='word_1_48' title='bbox 1541 511 1577 548; x_wconf 90' lang='lat' dir='ltr'>C.</span> <span class='ocrx_word' id='word_1_49' title='bbox 1594 515 1779 557; x_wconf 60' lang='lat' dir='ltr'>arveum).</span> 
     </span>
    </p>
   </div>
   <div class='ocr_carea' id='block_1_3' title="bbox 119 566 1827 712">
    <p class='ocr_par' dir='ltr' id='par_1_4' title="bbox 119 566 1827 712">
     <span class='ocr_line' id='line_1_6' title="bbox 166 566 1827 613; baseline 0.005 -9"><span class='ocrx_word' id='word_1_50' title='bbox 166 571 200 604; x_wconf 88' lang='lat' dir='ltr'><strong>A</strong></span> <span class='ocrx_word' id='word_1_51' title='bbox 219 567 255 604; x_wconf 80' lang='lat' dir='ltr'><strong><em>G</em></strong></span> <span class='ocrx_word' id='word_1_52' title='bbox 276 568 437 604; x_wconf 59' lang='lat' dir='ltr'>arven-si</span> <span class='ocrx_word' id='word_1_53' title='bbox 460 570 601 613; x_wconf 78' lang='lat' dir='ltr'>praeter</span> <span class='ocrx_word' id='word_1_54' title='bbox 618 567 764 612; x_wconf 83' lang='lat' dir='ltr'>ligulas</span> <span class='ocrx_word' id='word_1_55' title='bbox 795 566 912 613; x_wconf 87' lang='lat' dir='ltr'>paulo</span> <span class='ocrx_word' id='word_1_56' title='bbox 933 568 1135 604; x_wconf 87' lang='lat' dir='ltr'>breviores</span> <span class='ocrx_word' id='word_1_57' title='bbox 1164 570 1339 606; x_wconf 84' lang='lat' dir='ltr'>acheniis</span> <span class='ocrx_word' id='word_1_58' title='bbox 1360 574 1546 609; x_wconf 85' lang='lat' dir='ltr'>omnihus</span> <span class='ocrx_word' id='word_1_59' title='bbox 1566 576 1827 613; x_wconf 79' lang='lat' dir='ltr'>annularibus</span> 
     </span>
     <span class='ocr_line' id='line_1_7' title="bbox 121 614 1827 670; baseline 0.005 -19"><span class='ocrx_word' id='word_1_60' title='bbox 121 626 190 670; x_wconf 77' lang='lat' dir='ltr'>nee</span> <span class='ocrx_word' id='word_1_61' title='bbox 220 615 396 650; x_wconf 85' lang='lat' dir='ltr'>rostratis</span> <span class='ocrx_word' id='word_1_62' title='bbox 415 615 589 668; x_wconf 81' lang='lat' dir='ltr'>discedit.</span> <span class='ocrx_word' id='word_1_63' title='bbox 611 614 828 668; x_wconf 37' lang='lat' dir='ltr'>&#39;Transitus</span> <span class='ocrx_word' id='word_1_64' title='bbox 859 615 1058 668; x_wconf 77' lang='lat' dir='ltr'>manifesti</span> <span class='ocrx_word' id='word_1_65' title='bbox 1079 618 1209 662; x_wconf 83' lang='lat' dir='ltr'>quoad</span> <span class='ocrx_word' id='word_1_66' title='bbox 1242 619 1406 654; x_wconf 84' lang='lat' dir='ltr'>achenia</span> <span class='ocrx_word' id='word_1_67' title='bbox 1430 623 1622 657; x_wconf 82' lang='lat' dir='ltr'>exteriora</span> <span class='ocrx_word' id='word_1_68' title='bbox 1651 625 1827 670; x_wconf 81' lang='lat' dir='ltr'>margine</span> 
     </span>
     <span class='ocr_line' id='line_1_8' title="bbox 119 661 1657 712; baseline 0.005 -14"><span class='ocrx_word' id='word_1_69' title='bbox 119 666 279 699; x_wconf 82' lang='lat' dir='ltr'>cnstata</span> <span class='ocrx_word' id='word_1_70' title='bbox 292 663 356 698; x_wconf 86' lang='lat' dir='ltr'>vel</span> <span class='ocrx_word' id='word_1_71' title='bbox 380 664 498 698; x_wconf 82' lang='lat' dir='ltr'>crista</span> <span class='ocrx_word' id='word_1_72' title='bbox 519 663 718 705; x_wconf 76' lang='lat' dir='ltr'>desntuta,</span> <span class='ocrx_word' id='word_1_73' title='bbox 738 661 855 697; x_wconf 86' lang='lat' dir='ltr'>dorso</span> <span class='ocrx_word' id='word_1_74' title='bbox 874 661 1057 697; x_wconf 79' lang='lat' dir='ltr'>echinata</span> <span class='ocrx_word' id='word_1_75' title='bbox 1078 664 1141 698; x_wconf 90' lang='lat' dir='ltr'>vel</span> <span class='ocrx_word' id='word_1_76' title='bbox 1161 668 1313 701; x_wconf 79' lang='lat' dir='ltr'>tanturn</span> <span class='ocrx_word' id='word_1_77' title='bbox 1334 677 1480 712; x_wconf 80' lang='lat' dir='ltr'>rugosa</span> <span class='ocrx_word' id='word_1_78' title='bbox 1500 669 1657 705; x_wconf 82' lang='lat' dir='ltr'><strong>adsunt.</strong></span> 
     </span>
    </p>
   </div>
   <div class='ocr_carea' id='block_1_4' title="bbox 165 724 736 770">
    <p class='ocr_par' dir='ltr' id='par_1_5' title="bbox 165 724 736 770">
     <span class='ocr_line' id='line_1_9' title="bbox 165 724 736 770; baseline -0.004 -8"><span class='ocrx_word' id='word_1_79' title='bbox 165 727 232 762; x_wconf 82' lang='lat' dir='ltr'>Ar.</span> <span class='ocrx_word' id='word_1_80' title='bbox 257 726 388 770; x_wconf 74' lang='lat' dir='ltr'>Geoqr.</span> <span class='ocrx_word' id='word_1_81' title='bbox 408 725 539 760; x_wconf 85' lang='lat' dir='ltr'>Africa</span> <span class='ocrx_word' id='word_1_82' title='bbox 556 724 736 760; x_wconf 87' lang='lat' dir='ltr'>borealis.</span> 
     </span>
    </p>
   </div>
   <div class='ocr_carea' id='block_1_5' title="bbox 112 845 1825 1434">
    <p class='ocr_par' dir='ltr' id='par_1_6' title="bbox 112 845 1825 1434">
     <span class='ocr_line' id='line_1_10' title="bbox 177 845 1822 905; baseline 0.005 -14"><span class='ocrx_word' id='word_1_83' title='bbox 177 851 216 891; x_wconf 86' lang='grc'>8.</span> <span class='ocrx_word' id='word_1_84' title='bbox 252 849 309 892; x_wconf 85' lang='lat' dir='ltr'>C&#39;..</span> <span class='ocrx_word' id='word_1_85' title='bbox 345 847 698 902; x_wconf 74' lang='lat' dir='ltr'>AEqyptiaca</span> <span class='ocrx_word' id='word_1_86' title='bbox 724 847 864 900; x_wconf 76' lang='lat' dir='ltr'>(Dest&#39;.</span> <span class='ocrx_word' id='word_1_87' title='bbox 894 845 980 889; x_wconf 87' lang='lat' dir='ltr'>Cat.</span> <span class='ocrx_word' id='word_1_88' title='bbox 1007 848 1131 889; x_wconf 87' lang='lat' dir='ltr'>Hort.</span> <span class='ocrx_word' id='word_1_89' title='bbox 1160 850 1257 891; x_wconf 82' lang='lat' dir='ltr'>Par.</span> <span class='ocrx_word' id='word_1_90' title='bbox 1287 852 1411 897; x_wconf 75' lang='grc'>1804,</span> <span class='ocrx_word' id='word_1_91' title='bbox 1441 865 1480 905; x_wconf 90' lang='lat' dir='ltr'>p.</span> <span class='ocrx_word' id='word_1_92' title='bbox 1512 855 1604 895; x_wconf 84' lang='lat'>100.</span> <span class='ocrx_word' id='word_1_93' title='bbox 1624 879 1681 883; x_wconf 96' lang='lat'><strong>—</strong></span> <span class='ocrx_word' id='word_1_94' title='bbox 1702 857 1822 899; x_wconf 88' lang='lat' dir='ltr'>Pers.</span> 
     </span>
     <span class='ocr_line' id='line_1_11' title="bbox 116 906 1825 964; baseline 0.004 -12"><span class='ocrx_word' id='word_1_95' title='bbox 116 910 246 952; x_wconf 90' lang='lat' dir='ltr'>Ench.</span> <span class='ocrx_word' id='word_1_96' title='bbox 275 908 327 958; x_wconf 92' lang='grc' dir='ltr'>ΙΙ,</span> <span class='ocrx_word' id='word_1_97' title='bbox 357 920 396 960; x_wconf 91' lang='lat' dir='ltr'>p.</span> <span class='ocrx_word' id='word_1_98' title='bbox 418 907 526 960; x_wconf 74' lang='lat'>492)</span> <span class='ocrx_word' id='word_1_99' title='bbox 553 919 696 948; x_wconf 87' lang='lat' dir='ltr'>annua</span> <span class='ocrx_word' id='word_1_100' title='bbox 724 906 1324 960; x_wconf 77' lang='lat' dir='ltr'>papilloso-liirta·viscidula</span> <span class='ocrx_word' id='word_1_101' title='bbox 1352 921 1464 964; x_wconf 67' lang='lat' dir='ltr'>szepe</span> <span class='ocrx_word' id='word_1_102' title='bbox 1493 926 1513 952; x_wconf 83' lang='lat' dir='ltr'>a</span> <span class='ocrx_word' id='word_1_103' title='bbox 1542 912 1630 955; x_wconf 87' lang='lat' dir='ltr'>basi</span> <span class='ocrx_word' id='word_1_104' title='bbox 1654 927 1825 958; x_wconf 89' lang='lat' dir='ltr'>ramosa</span> 
     </span>
     <span class='ocr_line' id='line_1_12' title="bbox 116 964 1825 1018; baseline 0.004 -7"><span class='ocrx_word' id='word_1_105' title='bbox 116 968 313 1011; x_wconf 83' lang='lat' dir='ltr'>caulibus</span> <span class='ocrx_word' id='word_1_106' title='bbox 338 964 716 1008; x_wconf 80' lang='lat' dir='ltr'>decumbentibus.</span> <span class='ocrx_word' id='word_1_107' title='bbox 753 965 867 1007; x_wconf 83' lang='lat' dir='ltr'>foliis</span> <span class='ocrx_word' id='word_1_108' title='bbox 901 967 1038 1007; x_wconf 87' lang='lat' dir='ltr'>acutis</span> <span class='ocrx_word' id='word_1_109' title='bbox 1065 970 1230 1009; x_wconf 87' lang='lat' dir='ltr'>remote</span> <span class='ocrx_word' id='word_1_110' title='bbox 1267 972 1308 1010; x_wconf 85' lang='lat' dir='ltr'>et</span> <span class='ocrx_word' id='word_1_111' title='bbox 1347 969 1514 1012; x_wconf 85' lang='lat' dir='ltr'>minute</span> <span class='ocrx_word' id='word_1_112' title='bbox 1548 971 1825 1018; x_wconf 76' lang='lat' dir='ltr'>denticulatis</span> 
     </span>
     <span class='ocr_line' id='line_1_13' title="bbox 115 1024 1822 1086; baseline -0.004 -17"><span class='ocrx_word' id='word_1_113' title='bbox 115 1025 398 1069; x_wconf 84' lang='lat' dir='ltr'>inferioribus</span> <span class='ocrx_word' id='word_1_114' title='bbox 423 1024 673 1066; x_wconf 87' lang='lat' dir='ltr'>lanceolatis</span> <span class='ocrx_word' id='word_1_115' title='bbox 699 1024 1005 1078; x_wconf 84' lang='lat' dir='ltr'>superioribus</span> <span class='ocrx_word' id='word_1_116' title='bbox 1031 1026 1468 1080; x_wconf 86' lang='lat' dir='ltr'>lineari-lanceolatis‚</span> <span class='ocrx_word' id='word_1_117' title='bbox 1494 1031 1694 1083; x_wconf 86' lang='lat' dir='ltr'>capitulis</span> <span class='ocrx_word' id='word_1_118' title='bbox 1723 1046 1822 1086; x_wconf 76' lang='lat' dir='ltr'>par-</span> 
     </span>
     <span class='ocr_line' id='line_1_14' title="bbox 116 1083 1824 1146; baseline 0.004 -19"><span class='ocrx_word' id='word_1_119' title='bbox 116 1086 183 1127; x_wconf 84' lang='lat' dir='ltr'>vis</span> <span class='ocrx_word' id='word_1_120' title='bbox 206 1084 474 1140; x_wconf 84' lang='lat' dir='ltr'>paucifloris‚</span> <span class='ocrx_word' id='word_1_121' title='bbox 494 1083 638 1136; x_wconf 81' lang='lat' dir='ltr'>ligulis</span> <span class='ocrx_word' id='word_1_122' title='bbox 660 1083 785 1124; x_wconf 87' lang='lat' dir='ltr'>ssavis</span> <span class='ocrx_word' id='word_1_123' title='bbox 814 1083 901 1125; x_wconf 88' lang='lat' dir='ltr'>basi</span> <span class='ocrx_word' id='word_1_124' title='bbox 925 1085 1288 1138; x_wconf 79' lang='lat' dir='ltr'>papilloso-liirtis</span> <span class='ocrx_word' id='word_1_125' title='bbox 1307 1087 1580 1130; x_wconf 84' lang='lat' dir='ltr'>involucrum</span> <span class='ocrx_word' id='word_1_126' title='bbox 1603 1090 1673 1130; x_wconf 87' lang='lat' dir='ltr'>vix</span> <span class='ocrx_word' id='word_1_127' title='bbox 1695 1103 1824 1146; x_wconf 90' lang='lat' dir='ltr'>supe—</span> 
     </span>
     <span class='ocr_line' id='line_1_15' title="bbox 115 1142 1822 1197; baseline 0.004 -11"><span class='ocrx_word' id='word_1_128' title='bbox 115 1145 331 1196; x_wconf 70' lang='lat' dir='ltr'>rantibus,</span> <span class='ocrx_word' id='word_1_129' title='bbox 370 1142 562 1185; x_wconf 89' lang='lat' dir='ltr'>acheniis</span> <span class='ocrx_word' id='word_1_130' title='bbox 599 1142 913 1194; x_wconf 79' lang='lat' dir='ltr'>marginalibus</span> <span class='ocrx_word' id='word_1_131' title='bbox 953 1144 1082 1185; x_wconf 89' lang='lat' dir='ltr'>dorso</span> <span class='ocrx_word' id='word_1_132' title='bbox 1125 1145 1249 1197; x_wconf 81' lang='lat' dir='ltr'>longe</span> <span class='ocrx_word' id='word_1_133' title='bbox 1292 1147 1500 1188; x_wconf 82' lang='lat' dir='ltr'>aculeatis</span> <span class='ocrx_word' id='word_1_134' title='bbox 1542 1149 1739 1192; x_wconf 90' lang='lat' dir='ltr'>incurvis</span> <span class='ocrx_word' id='word_1_135' title='bbox 1778 1151 1822 1193; x_wconf 90' lang='lat' dir='ltr'>in</span> 
     </span>
     <span class='ocr_line' id='line_1_16' title="bbox 114 1201 1822 1264; baseline 0.003 -18"><span class='ocrx_word' id='word_1_136' title='bbox 114 1202 311 1246; x_wconf 86' lang='lat' dir='ltr'>rostrum</span> <span class='ocrx_word' id='word_1_137' title='bbox 332 1206 466 1245; x_wconf 90' lang='lat' dir='ltr'>tenue</span> <span class='ocrx_word' id='word_1_138' title='bbox 500 1201 795 1254; x_wconf 84' lang='lat' dir='ltr'>aequilongum</span> <span class='ocrx_word' id='word_1_139' title='bbox 826 1202 891 1242; x_wconf 89' lang='lat' dir='ltr'>vel</span> <span class='ocrx_word' id='word_1_140' title='bbox 919 1202 1090 1255; x_wconf 81' lang='lat' dir='ltr'>longius</span> <span class='ocrx_word' id='word_1_141' title='bbox 1115 1203 1390 1246; x_wconf 79' lang='lat' dir='ltr'>involucrum</span> <span class='ocrx_word' id='word_1_142' title='bbox 1414 1216 1633 1264; x_wconf 72' lang='lat' dir='ltr'>superans,</span> <span class='ocrx_word' id='word_1_143' title='bbox 1656 1208 1822 1251; x_wconf 88' lang='lat' dir='ltr'>abeun-</span> 
     </span>
     <span class='ocr_line' id='line_1_17' title="bbox 115 1260 1820 1314; baseline 0.003 -10"><span class='ocrx_word' id='word_1_144' title='bbox 115 1261 247 1309; x_wconf 84' lang='lat' dir='ltr'>tibus,</span> <span class='ocrx_word' id='word_1_145' title='bbox 283 1260 558 1303; x_wconf 85' lang='lat' dir='ltr'>intermediis</span> <span class='ocrx_word' id='word_1_146' title='bbox 595 1260 921 1302; x_wconf 88' lang='lat' dir='ltr'>alato-cristatis</span> <span class='ocrx_word' id='word_1_147' title='bbox 960 1262 1025 1302; x_wconf 86' lang='lat' dir='ltr'>vel</span> <span class='ocrx_word' id='word_1_148' title='bbox 1061 1262 1417 1314; x_wconf 78' lang='lat' dir='ltr'>cymbit&#39;ormibus</span> <span class='ocrx_word' id='word_1_149' title='bbox 1445 1264 1573 1307; x_wconf 91' lang='lat' dir='ltr'>dorso</span> <span class='ocrx_word' id='word_1_150' title='bbox 1608 1267 1820 1309; x_wconf 78' lang='lat' dir='ltr'>echinatis</span> 
     </span>
     <span class='ocr_line' id='line_1_18' title="bbox 112 1319 1822 1375; baseline 0.002 -11"><span class='ocrx_word' id='word_1_151' title='bbox 112 1322 180 1364; x_wconf 84' lang='lat' dir='ltr'>vel</span> <span class='ocrx_word' id='word_1_152' title='bbox 204 1321 402 1373; x_wconf 60' lang='lat' dir='ltr'>navibus,</span> <span class='ocrx_word' id='word_1_153' title='bbox 418 1319 583 1362; x_wconf 80' lang='lat' dir='ltr'>intimis</span> <span class='ocrx_word' id='word_1_154' title='bbox 609 1319 899 1361; x_wconf 81' lang='lat' dir='ltr'>annularibus</span> <span class='ocrx_word' id='word_1_155' title='bbox 929 1321 1099 1373; x_wconf 79' lang='lat' dir='ltr'>rugosis</span> <span class='ocrx_word' id='word_1_156' title='bbox 1126 1326 1189 1371; x_wconf 73' lang='lat' dir='ltr'>O.</span> <span class='ocrx_word' id='word_1_157' title='bbox 1220 1322 1262 1364; x_wconf 89' lang='lat' dir='ltr'>C.</span> <span class='ocrx_word' id='word_1_158' title='bbox 1287 1322 1536 1375; x_wconf 75' lang='lat' dir='ltr'>parm&#39;flora</span> <span class='ocrx_word' id='word_1_159' title='bbox 1558 1324 1647 1366; x_wconf 89' lang='lat' dir='ltr'>etC</span> <span class='ocrx_word' id='word_1_160' title='bbox 1674 1325 1822 1368; x_wconf 72' lang='lat' dir='ltr'>Sicula</span> 
     </span>
     <span class='ocr_line' id='line_1_19' title="bbox 112 1378 963 1434; baseline -0.005 -11"><span class='ocrx_word' id='word_1_161' title='bbox 112 1393 192 1423; x_wconf 85' lang='lat' dir='ltr'>n.c.</span> <span class='ocrx_word' id='word_1_162' title='bbox 218 1380 372 1422; x_wconf 89' lang='lat' dir='ltr'>Prodr.</span> <span class='ocrx_word' id='word_1_163' title='bbox 398 1379 542 1434; x_wconf 88' lang='lat' dir='ltr'>quoad</span> <span class='ocrx_word' id='word_1_164' title='bbox 571 1379 624 1431; x_wconf 88' lang='lat' dir='ltr'>pl.</span> <span class='ocrx_word' id='word_1_165' title='bbox 649 1378 963 1432; x_wconf 81' lang='lat' dir='ltr'>AEgyptiacam.</span> 
     </span>
    </p>
   </div>
   <div class='ocr_carea' id='block_1_6' title="bbox 111 1451 1821 1643">
    <p class='ocr_par' dir='ltr' id='par_1_7' title="bbox 111 1451 1821 1643">
     <span class='ocr_line' id='line_1_20' title="bbox 160 1451 1818 1500; baseline 0.001 -11"><span class='ocrx_word' id='word_1_166' title='bbox 160 1453 263 1489; x_wconf 83' lang='lat' dir='ltr'>Hah.</span> <span class='ocrx_word' id='word_1_167' title='bbox 285 1454 324 1488; x_wconf 90' lang='lat' dir='ltr'>in</span> <span class='ocrx_word' id='word_1_168' title='bbox 344 1452 494 1498; x_wconf 86' lang='lat' dir='ltr'>campis</span> <span class='ocrx_word' id='word_1_169' title='bbox 514 1452 615 1486; x_wconf 84' lang='lat' dir='ltr'>mari</span> <span class='ocrx_word' id='word_1_170' title='bbox 634 1452 813 1486; x_wconf 89' lang='lat' dir='ltr'>finitimis</span> <span class='ocrx_word' id='word_1_171' title='bbox 835 1451 976 1486; x_wconf 79' lang='lat' dir='ltr'>insulae</span> <span class='ocrx_word' id='word_1_172' title='bbox 1009 1452 1166 1497; x_wconf 79' lang='lat' dir='ltr'>OEginae</span> <span class='ocrx_word' id='word_1_173' title='bbox 1195 1455 1332 1489; x_wconf 83' lang='lat' dir='ltr'>Atticae</span> <span class='ocrx_word' id='word_1_174' title='bbox 1365 1456 1527 1500; x_wconf 75' lang='lat' dir='ltr'>(Heldr!</span> <span class='ocrx_word' id='word_1_175' title='bbox 1559 1457 1613 1491; x_wconf 85' lang='lat' dir='ltr'>Fl.</span> <span class='ocrx_word' id='word_1_176' title='bbox 1643 1458 1707 1492; x_wconf 85' lang='lat' dir='ltr'>Gr.</span> <span class='ocrx_word' id='word_1_177' title='bbox 1740 1468 1818 1492; x_wconf 81' lang='lat' dir='ltr'>exs.</span> 
     </span>
     <span class='ocr_line' id='line_1_21' title="bbox 111 1499 1821 1548; baseline 0.001 -11"><span class='ocrx_word' id='word_1_178' title='bbox 111 1500 254 1545; x_wconf 73' lang='lat'><strong>30371)‚</strong></span> <span class='ocrx_word' id='word_1_179' title='bbox 276 1500 317 1535; x_wconf 91' lang='lat' dir='ltr'>in</span> <span class='ocrx_word' id='word_1_180' title='bbox 335 1500 509 1535; x_wconf 87' lang='lat' dir='ltr'>arenosis</span> <span class='ocrx_word' id='word_1_181' title='bbox 525 1499 573 1534; x_wconf 87' lang='lat' dir='ltr'>ad</span> <span class='ocrx_word' id='word_1_182' title='bbox 589 1499 784 1535; x_wconf 87' lang='lat' dir='ltr'>Lecheum</span> <span class='ocrx_word' id='word_1_183' title='bbox 804 1499 941 1533; x_wconf 82' lang='lat' dir='ltr'>Isthmi</span> <span class='ocrx_word' id='word_1_184' title='bbox 973 1499 1213 1535; x_wconf 84' lang='lat' dir='ltr'>Corinthiaci</span> <span class='ocrx_word' id='word_1_185' title='bbox 1232 1501 1376 1548; x_wconf 73' lang='lat' dir='ltr'>(Orph!</span> <span class='ocrx_word' id='word_1_186' title='bbox 1398 1502 1452 1538; x_wconf 86' lang='lat' dir='ltr'>Fl.</span> <span class='ocrx_word' id='word_1_187' title='bbox 1472 1503 1537 1538; x_wconf 86' lang='lat' dir='ltr'>Gr.</span> <span class='ocrx_word' id='word_1_188' title='bbox 1561 1514 1639 1539; x_wconf 84' lang='lat' dir='ltr'>exs.</span> <span class='ocrx_word' id='word_1_189' title='bbox 1659 1505 1729 1539; x_wconf 83' lang='lat'>475</span> <span class='ocrx_word' id='word_1_190' title='bbox 1746 1505 1821 1539; x_wconf 85' lang='lat' dir='ltr'>sub</span> 
     </span>
     <span class='ocr_line' id='line_1_22' title="bbox 114 1546 1820 1594; baseline 0.002 -11"><span class='ocrx_word' id='word_1_191' title='bbox 114 1547 151 1584; x_wconf 88' lang='lat' dir='ltr'>C.</span> <span class='ocrx_word' id='word_1_192' title='bbox 167 1547 341 1594; x_wconf 61' lang='lat' dir='ltr'>gracili),</span> <span class='ocrx_word' id='word_1_193' title='bbox 363 1547 536 1592; x_wconf 83' lang='lat' dir='ltr'>AEgypto</span> <span class='ocrx_word' id='word_1_194' title='bbox 556 1547 606 1581; x_wconf 85' lang='lat' dir='ltr'>ad</span> <span class='ocrx_word' id='word_1_195' title='bbox 626 1546 906 1581; x_wconf 81' lang='lat' dir='ltr'>Alexandriam</span> <span class='ocrx_word' id='word_1_196' title='bbox 926 1546 1069 1589; x_wconf 84' lang='lat' dir='ltr'>(Gailll</span> <span class='ocrx_word' id='word_1_197' title='bbox 1084 1557 1167 1581; x_wconf 77' lang='lat' dir='ltr'>exs.</span> <span class='ocrx_word' id='word_1_198' title='bbox 1187 1548 1274 1583; x_wconf 76' lang='lat'>213!</span> <span class='ocrx_word' id='word_1_199' title='bbox 1296 1549 1480 1593; x_wconf 73' lang='lat' dir='ltr'>Kralikl).</span> <span class='ocrx_word' id='word_1_200' title='bbox 1511 1551 1662 1586; x_wconf 85' lang='lat' dir='ltr'>deserto</span> <span class='ocrx_word' id='word_1_201' title='bbox 1689 1551 1820 1587; x_wconf 87' lang='lat' dir='ltr'>Pales-</span> 
     </span>
     <span class='ocr_line' id='line_1_23' title="bbox 111 1593 1818 1643; baseline 0.002 -13"><span class='ocrx_word' id='word_1_202' title='bbox 111 1595 205 1631; x_wconf 75' lang='lat' dir='ltr'>tinae</span> <span class='ocrx_word' id='word_1_203' title='bbox 227 1595 276 1630; x_wconf 90' lang='lat' dir='ltr'>ad</span> <span class='ocrx_word' id='word_1_204' title='bbox 297 1594 504 1630; x_wconf 85' lang='lat' dir='ltr'>meridiem</span> <span class='ocrx_word' id='word_1_205' title='bbox 524 1594 632 1629; x_wconf 84' lang='lat' dir='ltr'>Gaza</span> <span class='ocrx_word' id='word_1_206' title='bbox 652 1593 834 1638; x_wconf 81' lang='lat' dir='ltr'>(Boissl),</span> <span class='ocrx_word' id='word_1_207' title='bbox 855 1594 895 1628; x_wconf 88' lang='lat' dir='ltr'>in</span> <span class='ocrx_word' id='word_1_208' title='bbox 915 1593 1108 1628; x_wconf 83' lang='lat' dir='ltr'>ruderatis</span> <span class='ocrx_word' id='word_1_209' title='bbox 1127 1595 1335 1630; x_wconf 76' lang='lat' dir='ltr'>Palestinae.</span> <span class='ocrx_word' id='word_1_210' title='bbox 1356 1597 1405 1631; x_wconf 78' lang='lat' dir='ltr'>ad</span> <span class='ocrx_word' id='word_1_211' title='bbox 1423 1598 1577 1633; x_wconf 65' lang='lat' dir='ltr'>jericho</span> <span class='ocrx_word' id='word_1_212' title='bbox 1594 1598 1684 1643; x_wconf 83' lang='lat' dir='ltr'>(Ky.</span> <span class='ocrx_word' id='word_1_213' title='bbox 1701 1599 1818 1643; x_wconf 69' lang='lat'>6582).</span> 
     </span>
    </p>
   </div>
   <div class='ocr_carea' id='block_1_7' title="bbox 105 1668 1820 2383">
    <p class='ocr_par' dir='ltr' id='par_1_8' title="bbox 110 1668 1820 1844">
     <span class='ocr_line' id='line_1_24' title="bbox 169 1668 1820 1724; baseline 0.002 -13"><span class='ocrx_word' id='word_1_214' title='bbox 169 1670 213 1724; x_wconf 84' lang='grc' dir='ltr'>β.</span> <span class='ocrx_word' id='word_1_215' title='bbox 247 1668 530 1711; x_wconf 74' lang='lat' dir='ltr'>suberostris.</span> <span class='ocrx_word' id='word_1_216' title='bbox 557 1693 608 1698; x_wconf 89' lang='lat'><em>—</em></span> <span class='ocrx_word' id='word_1_217' title='bbox 634 1668 823 1710; x_wconf 82' lang='lat' dir='ltr'>Achenia</span> <span class='ocrx_word' id='word_1_218' title='bbox 842 1669 1096 1721; x_wconf 78' lang='lat' dir='ltr'>marginalia</span> <span class='ocrx_word' id='word_1_219' title='bbox 1116 1670 1395 1712; x_wconf 84' lang='lat' dir='ltr'>alato-inflata</span> <span class='ocrx_word' id='word_1_220' title='bbox 1414 1672 1457 1713; x_wconf 91' lang='lat' dir='ltr'>in</span> <span class='ocrx_word' id='word_1_221' title='bbox 1479 1676 1669 1714; x_wconf 88' lang='lat' dir='ltr'>rostrum</span> <span class='ocrx_word' id='word_1_222' title='bbox 1686 1672 1820 1714; x_wconf 84' lang='lat' dir='ltr'>breve</span> 
     </span>
     <span class='ocr_line' id='line_1_25' title="bbox 112 1726 1816 1782; baseline 0 -11"><span class='ocrx_word' id='word_1_223' title='bbox 112 1730 390 1772; x_wconf 83' lang='lat' dir='ltr'>involucrum</span> <span class='ocrx_word' id='word_1_224' title='bbox 418 1741 503 1770; x_wconf 89' lang='lat' dir='ltr'>non</span> <span class='ocrx_word' id='word_1_225' title='bbox 542 1740 758 1782; x_wconf 88' lang='lat' dir='ltr'>superans</span> <span class='ocrx_word' id='word_1_226' title='bbox 784 1726 986 1770; x_wconf 87' lang='lat' dir='ltr'>abeuntia</span> <span class='ocrx_word' id='word_1_227' title='bbox 1028 1729 1095 1769; x_wconf 80' lang='lat' dir='ltr'>vel</span> <span class='ocrx_word' id='word_1_228' title='bbox 1121 1730 1305 1771; x_wconf 84' lang='lat' dir='ltr'>erostria</span> <span class='ocrx_word' id='word_1_229' title='bbox 1335 1730 1606 1773; x_wconf 76' lang='lat' dir='ltr'>intermediis</span> <span class='ocrx_word' id='word_1_230' title='bbox 1646 1732 1816 1773; x_wconf 83' lang='lat' dir='ltr'>similia.</span> 
     </span>
     <span class='ocr_line' id='line_1_26' title="bbox 110 1787 1819 1844; baseline 0 -13"><span class='ocrx_word' id='word_1_231' title='bbox 110 1788 389 1831; x_wconf 89' lang='lat' dir='ltr'>Intermediis</span> <span class='ocrx_word' id='word_1_232' title='bbox 415 1788 657 1830; x_wconf 84' lang='lat' dir='ltr'>manifestis</span> <span class='ocrx_word' id='word_1_233' title='bbox 677 1787 729 1827; x_wconf 83' lang='lat' dir='ltr'>ad</span> <span class='ocrx_word' id='word_1_234' title='bbox 753 1790 905 1840; x_wconf 82' lang='lat' dir='ltr'>typum</span> <span class='ocrx_word' id='word_1_235' title='bbox 927 1788 1098 1828; x_wconf 83' lang='lat' dir='ltr'>transit.</span> <span class='ocrx_word' id='word_1_236' title='bbox 1117 1811 1176 1817; x_wconf 94' lang='lat'>—</span> <span class='ocrx_word' id='word_1_237' title='bbox 1202 1790 1241 1830; x_wconf 81' lang='lat' dir='ltr'>C.</span> <span class='ocrx_word' id='word_1_238' title='bbox 1261 1792 1412 1830; x_wconf 72' lang='lat' dir='ltr'>sanctu</span> <span class='ocrx_word' id='word_1_239' title='bbox 1432 1789 1555 1831; x_wconf 87' lang='lat' dir='ltr'>Linn.</span> <span class='ocrx_word' id='word_1_240' title='bbox 1583 1791 1654 1844; x_wconf 81' lang='lat' dir='ltr'>Sp.</span> <span class='ocrx_word' id='word_1_241' title='bbox 1678 1791 1819 1831; x_wconf 69' lang='lat'><strong>1304?</strong></span> 
     </span>
    </p>

    <p class='ocr_par' dir='ltr' id='par_1_9' title="bbox 110 1860 1818 1955">
     <span class='ocr_line' id='line_1_27' title="bbox 159 1860 1818 1908; baseline 0.001 -11"><span class='ocrx_word' id='word_1_242' title='bbox 159 1863 261 1898; x_wconf 89' lang='lat' dir='ltr'>Hab.</span> <span class='ocrx_word' id='word_1_243' title='bbox 284 1863 323 1897; x_wconf 90' lang='lat' dir='ltr'>in</span> <span class='ocrx_word' id='word_1_244' title='bbox 343 1862 516 1908; x_wconf 82' lang='lat' dir='ltr'>AEgypto</span> <span class='ocrx_word' id='word_1_245' title='bbox 547 1862 648 1897; x_wconf 84' lang='lat' dir='ltr'>circa</span> <span class='ocrx_word' id='word_1_246' title='bbox 675 1861 958 1896; x_wconf 79' lang='lat' dir='ltr'>Alexandriam</span> <span class='ocrx_word' id='word_1_247' title='bbox 981 1860 1155 1902; x_wconf 65' lang='lat' dir='ltr'>(Kralilzl</span> <span class='ocrx_word' id='word_1_248' title='bbox 1180 1864 1359 1898; x_wconf 63' lang='lat' dir='ltr'>Sam-arti.</span> <span class='ocrx_word' id='word_1_249' title='bbox 1392 1864 1431 1898; x_wconf 92' lang='lat' dir='ltr'>in</span> <span class='ocrx_word' id='word_1_250' title='bbox 1450 1864 1613 1899; x_wconf 77' lang='lat' dir='ltr'>desertis</span> <span class='ocrx_word' id='word_1_251' title='bbox 1634 1865 1684 1899; x_wconf 86' lang='lat' dir='ltr'>ad</span> <span class='ocrx_word' id='word_1_252' title='bbox 1703 1865 1818 1900; x_wconf 87' lang='lat' dir='ltr'>meri—</span> 
     </span>
     <span class='ocr_line' id='line_1_28' title="bbox 110 1908 1378 1955; baseline -0.002 -9"><span class='ocrx_word' id='word_1_253' title='bbox 110 1909 214 1946; x_wconf 86' lang='lat' dir='ltr'>diem</span> <span class='ocrx_word' id='word_1_254' title='bbox 233 1909 443 1946; x_wconf 80' lang='lat' dir='ltr'>Palestinae</span> <span class='ocrx_word' id='word_1_255' title='bbox 460 1909 628 1954; x_wconf 85' lang='lat' dir='ltr'>(Boiss!)</span> <span class='ocrx_word' id='word_1_256' title='bbox 648 1911 684 1944; x_wconf 87' lang='lat' dir='ltr'>et</span> <span class='ocrx_word' id='word_1_257' title='bbox 699 1909 800 1944; x_wconf 88' lang='lat' dir='ltr'>inter</span> <span class='ocrx_word' id='word_1_258' title='bbox 818 1908 1008 1943; x_wconf 85' lang='lat' dir='ltr'>Kahiram</span> <span class='ocrx_word' id='word_1_259' title='bbox 1027 1911 1063 1944; x_wconf 87' lang='lat' dir='ltr'>et</span> <span class='ocrx_word' id='word_1_260' title='bbox 1081 1912 1178 1945; x_wconf 56' lang='lat' dir='ltr'>§nez</span> <span class='ocrx_word' id='word_1_261' title='bbox 1198 1910 1378 1955; x_wconf 71' lang='lat' dir='ltr'>(Boissl).</span> 
     </span>
    </p>

    <p class='ocr_par' dir='ltr' id='par_1_10' title="bbox 105 1981 1818 2273">
     <span class='ocr_line' id='line_1_29' title="bbox 168 1981 1817 2042; baseline 0.001 -17"><span class='ocrx_word' id='word_1_262' title='bbox 168 2005 208 2042; x_wconf 79' lang='lat' dir='ltr'>y.</span> <span class='ocrx_word' id='word_1_263' title='bbox 235 1981 568 2035; x_wconf 74' lang='lat' dir='ltr'>microcephala.</span> <span class='ocrx_word' id='word_1_264' title='bbox 599 2010 632 2014; x_wconf 74' lang='lat'><em>—</em></span> <span class='ocrx_word' id='word_1_265' title='bbox 663 1982 779 2024; x_wconf 82' lang='lat' dir='ltr'>Folia</span> <span class='ocrx_word' id='word_1_266' title='bbox 795 1983 991 2035; x_wconf 78' lang='lat' dir='ltr'>elongata</span> <span class='ocrx_word' id='word_1_267' title='bbox 1011 1984 1476 2037; x_wconf 53' lang='lat' dir='ltr'>angiist,iora‚eap?lula</span> <span class='ocrx_word' id='word_1_268' title='bbox 1495 1998 1609 2037; x_wconf 76' lang='lat' dir='ltr'>swpe</span> <span class='ocrx_word' id='word_1_269' title='bbox 1627 1985 1817 2036; x_wconf 81' lang='lat' dir='ltr'>minima,</span> 
     </span>
     <span class='ocr_line' id='line_1_30' title="bbox 108 2041 1818 2097; baseline -0.001 -11"><span class='ocrx_word' id='word_1_270' title='bbox 108 2044 286 2086; x_wconf 85' lang='lat' dir='ltr'>achenia</span> <span class='ocrx_word' id='word_1_271' title='bbox 309 2043 452 2085; x_wconf 88' lang='lat' dir='ltr'>omnia</span> <span class='ocrx_word' id='word_1_272' title='bbox 478 2041 703 2084; x_wconf 86' lang='lat' dir='ltr'>annularia</span> <span class='ocrx_word' id='word_1_273' title='bbox 734 2053 891 2094; x_wconf 74' lang='lat' dir='ltr'>rugosa</span> <span class='ocrx_word' id='word_1_274' title='bbox 917 2041 982 2082; x_wconf 89' lang='lat' dir='ltr'>vel</span> <span class='ocrx_word' id='word_1_275' title='bbox 1014 2042 1206 2083; x_wconf 78' lang='lat' dir='ltr'>brevit-er</span> <span class='ocrx_word' id='word_1_276' title='bbox 1228 2046 1418 2085; x_wconf 79' lang='lat' dir='ltr'>aculeata</span> <span class='ocrx_word' id='word_1_277' title='bbox 1451 2058 1602 2097; x_wconf 83' lang='lat' dir='ltr'>parum</span> <span class='ocrx_word' id='word_1_278' title='bbox 1628 2044 1818 2086; x_wconf 87' lang='lat' dir='ltr'>dissimi-</span> 
     </span>
     <span class='ocr_line' id='line_1_31' title="bbox 109 2101 1815 2155; baseline 0.001 -11"><span class='ocrx_word' id='word_1_279' title='bbox 109 2103 176 2153; x_wconf 86' lang='lat' dir='ltr'>lia,</span> <span class='ocrx_word' id='word_1_280' title='bbox 209 2101 503 2145; x_wconf 85' lang='lat' dir='ltr'>exterioribus</span> <span class='ocrx_word' id='word_1_281' title='bbox 526 2101 676 2155; x_wconf 84' lang='lat' dir='ltr'>paucis</span> <span class='ocrx_word' id='word_1_282' title='bbox 699 2104 882 2152; x_wconf 77' lang='lat' dir='ltr'>anguste</span> <span class='ocrx_word' id='word_1_283' title='bbox 912 2102 1253 2143; x_wconf 80' lang='lat' dir='ltr'>membranaceis</span> <span class='ocrx_word' id='word_1_284' title='bbox 1289 2103 1657 2155; x_wconf 78' lang='lat' dir='ltr'>rymbit‘ormibus.</span> <span class='ocrx_word' id='word_1_285' title='bbox 1687 2127 1743 2133; x_wconf 88' lang='lat'>-</span> <span class='ocrx_word' id='word_1_286' title='bbox 1774 2105 1815 2145; x_wconf 78' lang='lat' dir='ltr'>C.</span> 
     </span>
     <span class='ocr_line' id='line_1_32' title="bbox 108 2159 1816 2213; baseline 0.001 -11"><span class='ocrx_word' id='word_1_287' title='bbox 108 2160 359 2203; x_wconf 71' lang='lat' dir='ltr'>micrantlza</span> <span class='ocrx_word' id='word_1_288' title='bbox 398 2160 534 2202; x_wconf 86' lang='lat' dir='ltr'>Boiss.</span> <span class='ocrx_word' id='word_1_289' title='bbox 562 2160 714 2212; x_wconf 83' lang='lat' dir='ltr'>Diagn.</span> <span class='ocrx_word' id='word_1_290' title='bbox 754 2160 845 2202; x_wconf 81' lang='lat' dir='ltr'>Ser.</span> <span class='ocrx_word' id='word_1_291' title='bbox 878 2159 929 2209; x_wconf 77' lang='lat' dir='ltr'>H,</span> <span class='ocrx_word' id='word_1_292' title='bbox 955 2162 995 2203; x_wconf 79' lang='grc'>6,</span> <span class='ocrx_word' id='word_1_293' title='bbox 1025 2174 1067 2213; x_wconf 87' lang='lat' dir='ltr'>p.</span> <span class='ocrx_word' id='word_1_294' title='bbox 1096 2162 1119 2201; x_wconf 78' lang='lat'><strong>3</strong></span> <span class='ocrx_word' id='word_1_295' title='bbox 1150 2173 1235 2201; x_wconf 91' lang='lat' dir='ltr'>non</span> <span class='ocrx_word' id='word_1_296' title='bbox 1264 2161 1412 2202; x_wconf 87' lang='lat' dir='ltr'>Tineo.</span> <span class='ocrx_word' id='word_1_297' title='bbox 1450 2186 1503 2191; x_wconf 85' lang='lat'>-—</span> <span class='ocrx_word' id='word_1_298' title='bbox 1546 2164 1585 2203; x_wconf 69' lang='lat' dir='ltr'>(J.</span> <span class='ocrx_word' id='word_1_299' title='bbox 1615 2162 1816 2203; x_wconf 74' lang='lat' dir='ltr'>mirrore-</span> 
     </span>
     <span class='ocr_line' id='line_1_33' title="bbox 105 2218 1652 2273; baseline -0.001 -12"><span class='ocrx_word' id='word_1_300' title='bbox 105 2220 238 2272; x_wconf 76' lang='lat' dir='ltr'>phala</span> <span class='ocrx_word' id='word_1_301' title='bbox 261 2220 413 2262; x_wconf 87' lang='lat' dir='ltr'>Kralik</span> <span class='ocrx_word' id='word_1_302' title='bbox 436 2220 493 2273; x_wconf 84' lang='lat' dir='ltr'>pl.</span> <span class='ocrx_word' id='word_1_303' title='bbox 516 2219 588 2270; x_wconf 81' lang='lat' dir='ltr'>Eg.</span> <span class='ocrx_word' id='word_1_304' title='bbox 614 2230 704 2260; x_wconf 69' lang='lat' dir='ltr'>exs</span> <span class='ocrx_word' id='word_1_305' title='bbox 733 2218 866 2260; x_wconf 73' lang='lat' dir='ltr'>Rclil).</span> <span class='ocrx_word' id='word_1_306' title='bbox 894 2220 949 2260; x_wconf 75' lang='lat' dir='ltr'>til.</span> <span class='ocrx_word' id='word_1_307' title='bbox 986 2219 1034 2261; x_wconf 83' lang='lat' dir='ltr'>lc.</span> <span class='ocrx_word' id='word_1_308' title='bbox 1065 2219 1122 2260; x_wconf 72' lang='grc' dir='ltr'>ΡΙ.</span> <span class='ocrx_word' id='word_1_309' title='bbox 1149 2218 1294 2261; x_wconf 88' lang='lat' dir='ltr'>Germ.</span> <span class='ocrx_word' id='word_1_310' title='bbox 1324 2219 1415 2265; x_wconf 78' lang='lat' dir='ltr'>XV,</span> <span class='ocrx_word' id='word_1_311' title='bbox 1445 2222 1527 2261; x_wconf 71' lang='lat' dir='ltr'>tal).</span> <span class='ocrx_word' id='word_1_312' title='bbox 1555 2222 1652 2261; x_wconf 69' lang='lat'>891.</span> 
     </span>
    </p>

    <p class='ocr_par' dir='ltr' id='par_1_11' title="bbox 106 2291 1815 2383">
     <span class='ocr_line' id='line_1_34' title="bbox 153 2291 1815 2383; baseline 0.001 -56"><span class='ocrx_word' id='word_1_313' title='bbox 153 2293 317 2375; x_wconf 49' lang='lat' dir='ltr'>Hagmssin</span> <span class='ocrx_word' id='word_1_314' title='bbox 339 2292 508 2383; x_wconf 43' lang='grc' dir='ltr'>ΔἘέςῐζῖγρῐὸ</span> <span class='ocrx_word' id='word_1_315' title='bbox 527 2292 577 2327; x_wconf 88' lang='lat' dir='ltr'>ad</span> <span class='ocrx_word' id='word_1_316' title='bbox 596 2291 790 2327; x_wconf 85' lang='lat' dir='ltr'>Matarieh</span> <span class='ocrx_word' id='word_1_317' title='bbox 809 2292 970 2336; x_wconf 60' lang='lat' dir='ltr'>&lt;lh-2111),</span> <span class='ocrx_word' id='word_1_318' title='bbox 990 2292 1276 2338; x_wconf 65' lang='lat' dir='ltr'>Mesopotamia</span> <span class='ocrx_word' id='word_1_319' title='bbox 1297 2293 1344 2327; x_wconf 78' lang='lat' dir='ltr'>ad</span> <span class='ocrx_word' id='word_1_320' title='bbox 1366 2293 1574 2328; x_wconf 73' lang='lat' dir='ltr'>Diarbekir</span> <span class='ocrx_word' id='word_1_321' title='bbox 1589 2296 1626 2328; x_wconf 85' lang='lat' dir='ltr'>et</span> <span class='ocrx_word' id='word_1_322' title='bbox 1640 2293 1815 2339; x_wconf 81' lang='lat' dir='ltr'>Babylo-</span> 
     </span>
     <span class='ocr_line' id='line_1_35' title="bbox 106 2340 518 2376; baseline -0.002 -1"><span class='ocrx_word' id='word_1_323' title='bbox 106 2340 170 2376; x_wconf 79' lang='lat' dir='ltr'>nia</span> <span class='ocrx_word' id='word_1_324' title='bbox 189 2351 212 2375; x_wconf 86' lang='lat' dir='ltr'>a</span> <span class='ocrx_word' id='word_1_325' title='bbox 293 2343 352 2375; x_wconf 86' lang='lat' dir='ltr'>utt</span> <span class='ocrx_word' id='word_1_326' title='bbox 429 2342 472 2374; x_wconf 78' lang='lat' dir='ltr'>oe</span> <span class='ocrx_word' id='word_1_327' title='bbox 511 2366 518 2374; x_wconf 82' lang='lat'><strong>.</strong></span> 
     </span>
    </p>
   </div>
   <div class='ocr_carea' id='block_1_8' title="bbox 106 2401 1814 2607">
    <p class='ocr_par' dir='ltr' id='par_1_12' title="bbox 106 2401 1814 2533">
     <span class='ocr_line' id='line_1_36' title="bbox 152 2401 1814 2449; baseline 0 -11"><span class='ocrx_word' id='word_1_328' title='bbox 152 2403 307 2449; x_wconf 84' lang='lat' dir='ltr'>Species</span> <span class='ocrx_word' id='word_1_329' title='bbox 327 2402 593 2449; x_wconf 89' lang='lat' dir='ltr'>polymorpha</span> <span class='ocrx_word' id='word_1_330' title='bbox 603 2401 856 2437; x_wconf 84' lang='lat' dir='ltr'>acheniorum</span> <span class='ocrx_word' id='word_1_331' title='bbox 880 2402 1158 2446; x_wconf 69' lang='lat' dir='ltr'>marginalium</span> <span class='ocrx_word' id='word_1_332' title='bbox 1179 2405 1372 2437; x_wconf 72' lang='lat' dir='ltr'>structura</span> <span class='ocrx_word' id='word_1_333' title='bbox 1395 2404 1565 2443; x_wconf 68' lang='lat' dir='ltr'>varians,</span> <span class='ocrx_word' id='word_1_334' title='bbox 1582 2415 1605 2437; x_wconf 83' lang='lat' dir='ltr'>a</span> <span class='ocrx_word' id='word_1_335' title='bbox 1623 2414 1814 2449; x_wconf 76' lang='lat' dir='ltr'>congene-</span> 
     </span>
     <span class='ocr_line' id='line_1_37' title="bbox 106 2449 1814 2496; baseline 0.001 -12"><span class='ocrx_word' id='word_1_336' title='bbox 106 2450 215 2485; x_wconf 88' lang='lat' dir='ltr'>ribus</span> <span class='ocrx_word' id='word_1_337' title='bbox 226 2450 338 2486; x_wconf 80' lang='lat' dir='ltr'>-foliis</span> <span class='ocrx_word' id='word_1_338' title='bbox 358 2452 538 2495; x_wconf 78' lang='lat' dir='ltr'>angustis</span> <span class='ocrx_word' id='word_1_339' title='bbox 557 2453 594 2484; x_wconf 87' lang='lat' dir='ltr'>et</span> <span class='ocrx_word' id='word_1_340' title='bbox 612 2449 747 2494; x_wconf 85' lang='lat' dir='ltr'>ligulis</span> <span class='ocrx_word' id='word_1_341' title='bbox 766 2449 928 2495; x_wconf 81' lang='lat' dir='ltr'>capituli</span> <span class='ocrx_word' id='word_1_342' title='bbox 947 2450 1059 2495; x_wconf 82' lang='lat' dir='ltr'>parvi</span> <span class='ocrx_word' id='word_1_343' title='bbox 1081 2449 1332 2484; x_wconf 76' lang='lat' dir='ltr'>involucrum</span> <span class='ocrx_word' id='word_1_344' title='bbox 1353 2451 1419 2484; x_wconf 77' lang='lat' dir='ltr'>vix</span> <span class='ocrx_word' id='word_1_345' title='bbox 1438 2451 1716 2496; x_wconf 83' lang='lat' dir='ltr'>superantibus</span> <span class='ocrx_word' id='word_1_346' title='bbox 1733 2451 1814 2485; x_wconf 75' lang='lat' dir='ltr'>dis-</span> 
     </span>
     <span class='ocr_line' id='line_1_38' title="bbox 107 2497 234 2533; baseline 0 -2"><span class='ocrx_word' id='word_1_347' title='bbox 107 2497 234 2533; x_wconf 77' lang='lat' dir='ltr'>tincto..</span> 
     </span>
    </p>

    <p class='ocr_par' dir='ltr' id='par_1_13' title="bbox 152 2559 850 2607">
     <span class='ocr_line' id='line_1_39' title="bbox 152 2559 850 2607; baseline -0.003 -11"><span class='ocrx_word' id='word_1_348' title='bbox 152 2562 212 2596; x_wconf 77' lang='lat' dir='ltr'>Ar.</span> <span class='ocrx_word' id='word_1_349' title='bbox 232 2561 365 2607; x_wconf 74' lang='lat' dir='ltr'>Geoqr.</span> <span class='ocrx_word' id='word_1_350' title='bbox 387 2561 568 2605; x_wconf 84' lang='lat' dir='ltr'>Regnum</span> <span class='ocrx_word' id='word_1_351' title='bbox 587 2559 850 2595; x_wconf 87' lang='lat' dir='ltr'>Tunetanum.</span> 
     </span>
    </p>
   </div>
   <div class='ocr_carea' id='block_1_9' title="bbox 461 2699 1438 2759">
    <p class='ocr_par' dir='ltr' id='par_1_14' title="bbox 461 2699 1438 2759">
     <span class='ocr_line' id='line_1_40' title="bbox 461 2699 1438 2759; baseline -0.003 -12"><span class='ocrx_word' id='word_1_352' title='bbox 461 2700 738 2747; x_wconf 71' lang='lat' dir='ltr'>Tnn&#39;TElus</span> <span class='ocrx_word' id='word_1_353' title='bbox 774 2700 908 2759; x_wconf 81' lang='lat' dir='ltr'>(Less.</span> <span class='ocrx_word' id='word_1_354' title='bbox 948 2699 1059 2745; x_wconf 78' lang='lat' dir='ltr'>Lina.</span> <span class='ocrx_word' id='word_1_355' title='bbox 1100 2700 1229 2756; x_wconf 72' lang='lat'><strong>1831,</strong></span> <span class='ocrx_word' id='word_1_356' title='bbox 1270 2714 1307 2759; x_wconf 81' lang='lat' dir='ltr'>p.</span> <span class='ocrx_word' id='word_1_357' title='bbox 1343 2700 1438 2746; x_wconf 53' lang='lat'>9:35.</span> 
     </span>
    </p>
   </div>
   <div class='ocr_carea' id='block_1_10' title="bbox 105 2840 1812 3072">
    <p class='ocr_par' dir='ltr' id='par_1_15' title="bbox 105 2840 1812 3072">
     <span class='ocr_line' id='line_1_41' title="bbox 163 2840 1812 2895; baseline 0.001 -13"><span class='ocrx_word' id='word_1_358' title='bbox 163 2841 407 2895; x_wconf 85' lang='lat' dir='ltr'>Capitulum</span> <span class='ocrx_word' id='word_1_359' title='bbox 437 2841 725 2884; x_wconf 86' lang='lat' dir='ltr'>multiflorum</span> <span class='ocrx_word' id='word_1_360' title='bbox 767 2840 981 2883; x_wconf 82' lang='lat' dir='ltr'>radiatum</span> <span class='ocrx_word' id='word_1_361' title='bbox 1023 2841 1361 2892; x_wconf 75' lang='lat' dir='ltr'>lieterogamum.</span> <span class='ocrx_word' id='word_1_362' title='bbox 1411 2841 1687 2883; x_wconf 70' lang='lat' dir='ltr'>involuerum</span> <span class='ocrx_word' id='word_1_363' title='bbox 1720 2844 1812 2883; x_wconf 81' lang='lat' dir='ltr'>uni-</span> 
     </span>
     <span class='ocr_line' id='line_1_42' title="bbox 106 2899 1811 2954; baseline -0.001 -11"><span class='ocrx_word' id='word_1_364' title='bbox 106 2901 259 2943; x_wconf 84' lang='lat' dir='ltr'>seriale</span> <span class='ocrx_word' id='word_1_365' title='bbox 289 2901 447 2954; x_wconf 85' lang='lat' dir='ltr'>phyllis</span> <span class='ocrx_word' id='word_1_366' title='bbox 471 2900 728 2953; x_wconf 62' lang='lat' dir='ltr'>aequalibus.</span> <span class='ocrx_word' id='word_1_367' title='bbox 770 2900 920 2941; x_wconf 78' lang='lat' dir='ltr'>Flores</span> <span class='ocrx_word' id='word_1_368' title='bbox 958 2899 1065 2941; x_wconf 75' lang='lat' dir='ltr'>radii</span> <span class='ocrx_word' id='word_1_369' title='bbox 1104 2899 1264 2951; x_wconf 66' lang='lat' dir='ltr'>ligulati</span> <span class='ocrx_word' id='word_1_370' title='bbox 1296 2899 1464 2940; x_wconf 79' lang='lat' dir='ltr'>feminei</span> <span class='ocrx_word' id='word_1_371' title='bbox 1496 2901 1670 2941; x_wconf 67' lang='lat' dir='ltr'>fertiles.</span> <span class='ocrx_word' id='word_1_372' title='bbox 1711 2902 1811 2954; x_wconf 74' lang='lat' dir='ltr'>styli</span> 
     </span>
     <span class='ocr_line' id='line_1_43' title="bbox 105 2957 1807 3012; baseline -0.001 -11"><span class='ocrx_word' id='word_1_373' title='bbox 105 2960 238 3001; x_wconf 86' lang='lat' dir='ltr'>ramis</span> <span class='ocrx_word' id='word_1_374' title='bbox 265 2960 516 3002; x_wconf 83' lang='lat' dir='ltr'>linearibus.</span> <span class='ocrx_word' id='word_1_375' title='bbox 544 2959 694 3001; x_wconf 77' lang='lat' dir='ltr'>Flores</span> <span class='ocrx_word' id='word_1_376' title='bbox 721 2959 827 3001; x_wconf 84' lang='lat' dir='ltr'>disci</span> <span class='ocrx_word' id='word_1_377' title='bbox 855 2958 1047 3000; x_wconf 78' lang='lat' dir='ltr'>tubulosi</span> <span class='ocrx_word' id='word_1_378' title='bbox 1077 2957 1435 3009; x_wconf 68' lang='lat' dir='ltr'>quinquedentaii</span> <span class='ocrx_word' id='word_1_379' title='bbox 1467 2958 1727 3012; x_wconf 79' lang='lat' dir='ltr'>bermapliro</span> <span class='ocrx_word' id='word_1_380' title='bbox 1747 2960 1807 3000; x_wconf 81' lang='lat' dir='ltr'>lili</span> 
     </span>
     <span class='ocr_line' id='line_1_44' title="bbox 106 3017 1810 3072; baseline -0.002 -11"><span class='ocrx_word' id='word_1_381' title='bbox 106 3019 278 3061; x_wconf 84' lang='lat' dir='ltr'>steriles</span> <span class='ocrx_word' id='word_1_382' title='bbox 303 3020 415 3072; x_wconf 85' lang='lat' dir='ltr'>stylo</span> <span class='ocrx_word' id='word_1_383' title='bbox 433 3018 635 3061; x_wconf 79' lang='lat' dir='ltr'>indiviso.</span> <span class='ocrx_word' id='word_1_384' title='bbox 663 3018 855 3060; x_wconf 80' lang='lat' dir='ltr'>Achenia</span> <span class='ocrx_word' id='word_1_385' title='bbox 881 3017 1047 3070; x_wconf 78' lang='lat' dir='ltr'>trigona</span> <span class='ocrx_word' id='word_1_386' title='bbox 1066 3017 1236 3057; x_wconf 81' lang='lat' dir='ltr'>trialata</span> <span class='ocrx_word' id='word_1_387' title='bbox 1254 3017 1371 3069; x_wconf 75' lang='lat' dir='ltr'>apice</span> <span class='ocrx_word' id='word_1_388' title='bbox 1397 3017 1435 3057; x_wconf 86' lang='lat' dir='ltr'>iu</span> <span class='ocrx_word' id='word_1_389' title='bbox 1459 3022 1651 3059; x_wconf 81' lang='lat' dir='ltr'>rostrum</span> <span class='ocrx_word' id='word_1_390' title='bbox 1680 3019 1810 3059; x_wconf 72' lang='lat' dir='ltr'>breve.</span> 
     </span>
    </p>
   </div>
  </div>
 </body>
</html>
