2066 3296
147 241 356 290 Echinops.
866 252 1109 278 composrrAE.
1756 246 1827 282 437

147 327 219 365 tus
244 323 449 375 adpresse
481 322 822 371 canescentibus,
856 323 965 366 foliis
1000 324 1281 366 inferioribus
1318 325 1360 365 in
1397 328 1611 377 segmenta
1646 326 1827 380 oblonga

147 380 622 435 pinnatisecto-lyratis.
651 381 832 423 caulinis
860 382 1243 435 amplexicaulibus
1265 383 1459 435 oblongis
1481 383 1680 426 indivisis
1704 385 1820 427 lobu-

148 438 440 481 lato-dentatis
468 437 576 481 lobis
603 441 646 480 et
666 438 869 481 dentibus
905 440 1039 482 acutis
1075 440 1117 481 in
1153 440 1347 493 spinulas
1371 444 1521 484 tenues
1544 442 1698 484 breves
1720 443 1825 484 cilii-

147 497 306 538 formes
332 496 519 538 inermes
557 496 832 547 abeuntibus‚
872 498 1059 552 penicilli
1094 498 1315 540 involucro
1359 499 1572 552 subtriplo
1612 500 1825 544 brevioris

149 555 253 596 setis
279 555 487 607 paleaeeis
506 555 682 602 scabris,
696 554 906 597 involucri
924 556 1080 609 phyllis
1099 557 1229 597 20-22
1256 556 1404 598 liberis
1427 558 1617 600 externis
1636 570 1824 612 superne

149 612 641 665 triangulari-rhombeis
666 613 892 666 pectinatis
913 615 1031 668 apice
1057 614 1523 667 glanduloso-viscidis‚
1544 617 1710 659 caeteris
1737 618 1825 658 lan-

147 671 321 712 ceolatis
348 670 802 713 subulam-attenuatis
819 684 841 713 a
860 672 1001 714 medio
1027 672 1312 724 denticulatis,
1338 674 1465 726 pappi
1499 675 1629 726 paleis
1656 675 1823 716 barbel-

148 728 245 770 latis
267 728 317 770 ad
345 728 532 770 medium
560 728 725 770 coalitis
753 734 814 775 26.

194 800 293 835 Hab.
311 800 350 834 in
378 800 566 846 quei-cetis
591 801 784 836 montium
814 801 1012 836 Avroman
1031 804 1068 836 et
1084 802 1239 837 Schahu
1257 805 1293 837 et
1318 803 1417 838 inter
1440 803 1634 849 Awiheng
1652 807 1689 838 et
1704 803 1825 839 Silina

148 846 410 881 Kurdistaniae
430 846 572 881 Persiae
589 847 693 882 6000'
709 847 887 890 (Haussk
899 849 933 890 ἓ).

193 909 330 944 Planta
348 910 460 954 elata,
477 910 571 945 folia
589 909 746 945 caulina
759 920 864 956 saepe
893 911 1158 957 semipedalia,
1177 913 1424 948 involucrum
1442 914 1483 948 11
1505 914 1627 948 lineas
1646 914 1822 959 longum.

147 955 296 1009 Facies·
309 959 346 991 et
363 957 455 992 folia
474 960 603 992 tenera
628 957 784 993 caulina
796 957 969 992 indivisa
988 958 1033 992 Ε.
1051 957 1221 994 Hussoni
1246 959 1437 995 involucri
1462 961 1678 996 charactere
1695 960 1821 995 diver-

150 1012 309 1037 Slss1m1.

207 1124 274 1165 31.
308 1123 364 1166 E.
392 1124 715 1178 vaginatus
737 1124 895 1179 (Boiss.
924 1128 968 1167 et
984 1126 1191 1180 Haussk.)
1208 1127 1659 1179 eglandulosus,caule
1681 1139 1826 1169 crasso

149 1183 274 1224 tereti
300 1182 410 1224 elato
428 1194 596 1224 ramoso
621 1182 754 1224 dense
783 1186 824 1224 et
850 1183 1057 1237 adpresse
1086 1188 1466 1236 tomentoso-cano,
1495 1181 1605 1227 foliis
1623 1185 1826 1227 coriaceis

148 1240 270 1282 duris
308 1251 498 1294 superne
532 1240 744 1283 viridibus
782 1253 906 1294 parce
947 1242 1168 1284 araneosis
1212 1244 1367 1285 subtus
1407 1244 1539 1294 canis,
1568 1243 1826 1285 radicalibus

147 1297 597 1353 oblongo-lanceolatis
639 1299 682 1340 in
725 1304 943 1351 segmenta
982 1300 1489 1352 triangulari-lanceolata
1524 1301 1703 1343 3-5-sida
1738 1301 1827 1342 lon-

147 1356 341 1409 giuscule
367 1355 541 1409 spinosa
576 1356 869 1409 pinnatisectis
902 1358 1057 1411 petiolo
1083 1359 1206 1400 brevi
1228 1360 1272 1400 in
1295 1359 1490 1412 vaginam
1518 1360 1599 1400 lat-e
1622 1359 1824 1401 linearem

147 1414 343 1457 elevatim
369 1415 570 1456 lineatam
585 1426 776 1468 superne
799 1417 987 1457 tenuiter
1000 1416 1504 1471 pectinato-spinulosam
1526 1417 1701 1459 suffulto
1725 1416 1827 1458 insi-

147 1471 365 1523 dentibus²
388 1473 569 1514 caulinis
598 1473 938 1527 ovato-oblongis
963 1474 1191 1517 sessilibus
1220 1475 1619 1528 dentato-spinosis,
1646 1475 1826 1516 summis

146 1531 386 1583 cucullatis,
422 1531 619 1584 capitulis
647 1532 810 1584 magnis
848 1532 1114 1584 longiuscule
1141 1533 1453 1586 pedunculatis,
1487 1533 1673 1587 penicilli
1705 1532 1826 1573 dimi-

146 1587 264 1630 dium
290 1589 560 1631 involucrum
588 1590 835 1644 superantis
862 1591 965 1632 selis
1000 1591 1211 1644 paleaceis
1246 1592 1469 1644 plumosiS‚
1496 1591 1707 1633 involucri
1725 1590 1826 1631 viri-

149 1645 214 1687 dis
237 1647 369 1700 glabri
408 1647 566 1701 phyllis
602 1648 734 1689 13-*14
771 1648 920 1691 liberis
957 1649 1293 1691 membranaceis
1322 1650 1482 1692 infimis
1510 1650 1627 1703 apice
1663 1649 1825 1690 minute

148 1705 500 1758 triangularibus,
535 1706 702 1748 caeteris
724 1719 749 1747 a
772 1706 910 1748 medio
935 1707 1188 1749 acuminatis
1229 1708 1337 1749 ciliis
1372 1708 1507 1761 longis
1529 1706 1825 1760 subplumosis

146 1763 410 1816 marginatis,
433 1764 561 1817 pappi
585 1764 690 1806 setis
714 1763 963 1807 barbellatis
991 1764 1042 1806 ad
1061 1768 1258 1819 quartam
1286 1769 1451 1818 partem
1478 1765 1640 1808 coalitis
1677 1770 1712 1811 ‘36
1727 1797 1735 1806 .

193 1842 290 1877 Hab.
310 1843 347 1878 in
367 1844 600 1889 graminosis
616 1844 801 1880 calcareis
812 1844 1018 1891 Ssoffdagh
1037 1848 1074 1880 et
1083 1845 1352 1890 Gorkundagh
1376 1857 1492 1892 supra
1511 1845 1685 1881 Behesne
1701 1843 1824 1890 Syriae

146 1887 350 1924 Cataoniae
368 1891 616 1926 conterminae
634 1891 745 1927 3500’
764 1891 989 1936 (Hausskl).

193 1952 334 1988 Caules
353 1953 445 1988 elati
465 1954 593 1998 crassi,
628 1953 720 1989 folia
741 1954 926 1989 radicalia
945 1955 1200 2000 semipedalia
1217 1955 1359 2000 vagina
1377 1955 1438 1989 4-6
1455 1954 1576 1988 lineas
1593 1953 1671 1988 lala
1690 1954 1710 1987 1
1725 1952 1827 1996 ¹1¹2·2·

148 1998 325 2051 pollicari
354 2000 526 2044 suffulta,
561 2000 717 2035 caulina
752 2010 828 2035 non
867 2001 1083 2036 auriculata
1113 2001 1170 2036 1-2
1193 2001 1372 2047 pollicem
1407 2001 1542 2045 longa,
1580 1999 1826 2034 involucrum

145 2054 291 2080 lnerme
309 2047 419 2081 11-12
436 2047 559 2082 lineas
579 2047 754 2092 longum.
773 2046 926 2093 Species
949 2048 1097 2090 habitu,
1114 2048 1218 2083 foliis
1236 2047 1405 2083 Carlmoe
1422 2051 1458 2082 et
1475 2046 1665 2082 involucri
1681 2046 1771 2080 setis
1791 2047 1828 2080 et

145 2090 246 2126 ciliis
264 2092 455 2138 plumosis
473 2094 652 2138 insignis.

206 2211 272 2252 32.
307 2211 363 2253 Ε.
394 2211 689 2255 Kurdicus
713 2212 867 2267 (Boiss.
895 2216 937 2255 et
962 2213 1169 2268 Hanssk.)
1192 2213 1312 2256 caule
1345 2226 1491 2256 crasso
1524 2214 1634 2255 elato
1657 2225 1825 2256 ramoso

147 2266 395 2312 subsulcato
421 2272 801 2319 tomentose-cano,
832 2271 943 2313 foliis
976 2269 1262 2314 subcoriaceis
1287 2283 1476 2325 superne
1500 2283 1625 2324 parce
1650 2283 1825 2312 araneo-

148 2326 208 2368 sis
243 2327 414 2380 papillis
454 2328 751 2380 glanduliferis
788 2330 980 2382 aspersis
1022 2329 1177 2371 subtus
1202 2331 1332 2379 canis,
1371 2329 1630 2371 radicalibus
1672 2329 1826 2381 amplis

147 2384 342 2437 oblongis
366 2386 578 2438 petiolatis
599 2386 641 2427 in
660 2392 880 2439 segmenta
906 2386 1111 2440 utrinque
1137 2388 1211 2428 3-4
1233 2388 1411 2440 oblonga
1430 2390 1589 2429 remote
1612 2390 1654 2428 et
1674 2398 1826 2439 grosse

147 2441 287 2483 lobata
311 2443 664 2497 pinnatipartitis‚
682 2444 862 2487 caulinis
879 2459 904 2487 a
924 2445 1015 2487 basi
1041 2444 1361 2487 subauriculata
1387 2445 1631 2487 lanceolatis
1648 2445 1691 2485 in
1709 2445 1825 2486 lobos

147 2500 684 2552 triangulari-lanceolatos
713 2503 981 2556 pinnatifidis
1005 2503 1113 2544 lobis
1139 2504 1329 2545 omnium
1353 2504 1545 2555 margine
1568 2502 1826 2544 suhinermi-

147 2555 229 2599 bus
251 2559 369 2612 apice
389 2560 431 2600 in
460 2560 629 2612 spinam
644 2563 817 2602 tenuem
846 2561 1144 2603 brevissimam
1164 2562 1408 2606 attenuatis,
1427 2560 1623 2613 capitulis
1651 2559 1826 2611 magnis,

147 2616 333 2667 penicilli
375 2617 552 2659 dimidio
583 2617 808 2660 involucro
847 2618 1146 2660 subbrevioris
1182 2619 1285 2660 setis
1321 2619 1528 2671 paleaceis
1568 2617 1826 2669 subscabris‚

147 2671 360 2716 involucri
393 2675 531 2728 glabri
569 2676 726 2729 phyllis
756 2677 885 2718 18-Ξο
920 2677 1047 2718 etiam
1082 2677 1370 2718 exterioribus
1398 2676 1561 2717 inferne
1586 2675 1825 2716 latiusculis

147 2730 199 2770 ad
235 2732 398 2784 apicem
436 2733 1004 2787 triangulari-spathulatam
1049 2735 1301 2787 pectinatam
1345 2737 1634 2776 mucronatam
1664 2732 1825 2773 sensim

149 2787 351 2842 dilatati-³,
392 2791 558 2833 caeteris
597 2804 621 2831 a
670 2792 811 2833 medio
866 2792 1322 2833 subulam-attenuatis
1374 2790 1663 2845 pungentibus
1719 2790 1826 2832 ciliis

147 2845 367 2899 adpressis
389 2849 653 2901 marginatis,
679 2850 804 2902 pappi
829 2850 932 2891 setis
974 2849 1220 2891 barhehatis
1247 2849 1449 2891 tenuibus
1482 2850 1570 2889 fere
1594 2849 1735 2890 liberis
1765 2854 1798 2893 Ψ·
1815 2880 1824 2889 .

145 2917 362 3011 (HHal›.ki'1)1
392 2921 591 2957 montibus
623 2921 886 2957 Kurdistaniae
908 2922 1068 2957 Persicae
1088 2923 1187 2957 inter
1205 2922 1397 2967 Awiheng
1418 2924 1456 2956 et
1472 2921 1591 2956 Sihna
1612 2921 1697 2956 sitis
1713 2920 1819 2956 8000’

205 2975 295 3000 auss
331 2993 338 3000 .
362 2994 369 3001 .
