2095 3206
182 201 229 237 24
913 202 1138 229 mmmcaAE.
1617 187 1876 225 Crucianella.

181 293 330 324 crasse
375 277 694 322 albo-nervosis
732 276 928 329 margine
979 277 1162 328 anguste
1213 271 1555 315 membranaceis
1600 270 1879 313 scaberrimis

183 339 400 383 exteriore
434 337 719 380 interioribus
762 335 918 389 quarta
948 336 1072 388 parte
1103 332 1309 384 longiore,
1337 331 1497 373 corolla
1528 329 1713 373 bracteis
1743 328 1879 370 multo

180 397 398 445 breviore.
434 394 706 449 mericarpiis
735 397 990 436 transverse
1023 394 1064 433 et
1094 390 1310 445 profunde
1353 387 1791 441 vesiculoso-rugosis
1815 391 1879 435 Θ.

184 455 226 498 C.
256 453 531 496 tabeo-ecclesa
556 453 655 496 Cav.
689 453 827 495 deser.
856 452 952 492 349.

229 527 330 562 Hah.
342 528 383 562 in
400 526 512 572 Syria
529 535 648 607 prope
660 525 811 571 Aleppo
827 524 994 568 (Mica),
1005 523 1045 558 in
1064 524 1195 558 monte
1207 520 1329 557 Gebel
1347 522 1472 573 Antar
1489 530 1610 567 supra
1618 519 1743 556 Merre
1761 529 1883 572 prope

183 575 425 611 Damascum
443 574 534 617 (Gai
554 573 614 618 ll),
643 572 685 607 in
711 573 841 607 monte
867 570 991 606 Gebel
1011 569 1138 605 Abiad
1162 569 1305 604 deserti
1324 568 1475 614 Syriam
1493 567 1606 612 (ΒΗ),
1624 566 1663 601 iu
1681 565 1883 601 montibus

183 621 378 656 Sinaiticis
398 620 587 666 (Schimp.
604 629 684 654 exs.
703 618 828 653 mixta
845 627 934 653 cum
959 628 1029 652 var
1047 615 1098 665 β.)

243 695 287 747 β.
321 693 558 745 hispidum.
611 715 664 722 --
704 692 895 734 Bracteae
942 691 1135 745 undique
1180 689 1421 744 hispidulae.
1474 713 1529 719 —
1574 688 1614 731 C.
1659 686 1886 739 hispidum

186 753 384 795 Decaisn.
407 752 468 816 Fi.
493 751 582 794 Sin.
602 764 642 805 p.
673 751 723 791 31
754 762 842 792 non
863 750 909 791 F.
936 749 989 790 M.

231 824 333 859 Hah.
353 825 393 859 in
411 824 600 870 glareosis
622 823 820 867 graniticis
839 822 888 857 ad
905 822 1055 857 radic-es
1075 823 1112 856 et
1145 821 1185 855 in
1216 820 1373 866 reglone
1391 819 1520 856 media
1541 819 1687 856 montis
1705 818 1883 855 Sinaitici

182 871 336 906 Sanctae
354 870 575 914 Catharinae
593 869 780 915 (Schimp.
800 879 878 904 exs.
898 869 996 912 156!,
1014 868 1121 903 Bove
1135 869 1175 911 Σ).

229 934 633 988 Bracteaeexteriores
652 933 716 970 2-3
742 934 812 969 lin.
840 934 982 979 longze.
1016 932 1172 978 Species
1197 931 1326 967 fructu
1355 931 1754 967 vesiculoso-sinuato
1785 932 1887 967 inter

186 992 322 1017 omnes
340 991 520 1027 1n31gn1s.

886 1067 905 1084 *
933 1067 950 1084 ²
978 1068 1181 1103 Perennes.

471 1179 512 1220 4-
541 1176 710 1211 Bracteae
727 1175 931 1211 interiores
949 1174 1110 1222 spiculae
1129 1174 1230 1209 inter
1247 1184 1290 1210 se
1307 1173 1424 1219 longe
1441 1174 1631 1209 connatae.

256 1295 322 1336 1⁶2.
357 1292 411 1336 C.
437 1291 744 1334 maritima
776 1290 842 1346 (L.
867 1291 939 1345 Sp.
972 1290 1074 1345 158)
1107 1289 1328 1345 perennis,
1353 1289 1548 1333 caulibus
1569 1289 1891 1344 procumbenti-

190 1355 272 1395 bus
304 1352 398 1394 basi
429 1351 769 1393 frutescentibus
788 1350 957 1403 albidis,
983 1350 1096 1392 foliis
1120 1349 1346 1403 quaternis
1371 1349 1567 1391 breviter
1593 1348 1891 1401 oblongo-lan-

190 1411 366 1453 ceolatis
395 1409 597 1453 coriaceis
628 1408 791 1462 glauc1s
810 1409 946 1451 acutis
975 1409 1028 1452 ad
1048 1408 1172 1451 basin
1195 1407 1383 1451 caulium
1411 1410 1453 1450 et
1479 1419 1605 1449 secus
1629 1419 1772 1449 ramos
1805 1409 1891 1450 ste·

191 1471 294 1512 riles
319 1470 453 1511 dense
481 1467 732 1517 imbricatis,
776 1467 907 1521 spicis
940 1467 1088 1510 densis
1125 1466 1263 1509 ovatis
1309 1466 1378 1508 vel
1417 1465 1889 1518 oblongo-lanceolatis,

190 1530 362 1571 bractea
403 1526 608 1569 exteriori
656 1528 781 1568 ovata
822 1526 888 1568 vel
940 1529 1064 1569 ovato
1088 1525 1277 1579 elliptica
1318 1525 1561 1566 acuminata
1607 1523 1891 1566 interioribus

190 1585 533 1637 ovato-oblongis
559 1580 1158 1639 compresso—navicularibus
1179 1584 1271 1625 fere
1298 1584 1351 1625 ad
1367 1584 1559 1625 medium
1584 1583 1698 1625 inter
1723 1594 1770 1624 se
1793 1594 1891 1624 con·

189 1646 302 1687 natis
345 1644 586 1698 aequilonga
631 1644 698 1686 vel
742 1642 1034 1696 sublongiore,
1073 1641 1242 1684 corollae
1278 1642 1384 1684 tubo
1416 1643 1603 1685 bracteis
1650 1640 1892 1695 sesquilon—

190 1704 309 1757 giore
331 1703 440 1744 iobis
469 1703 510 1743 in
544 1701 826 1756 appendicem
849 1701 1137 1755 aequilongam
1160 1700 1435 1752 abeuntibus,
1472 1699 1746 1754 mericarpiis
1771 1698 1893 1754 ellip-

190 1761 491 1804 tico-obovatis
514 1761 707 1803 breviter
734 1760 1184 1803 lincolam-maculatis
1219 1765 1254 1806 24
1270 1792 1277 1799 .
1306 1758 1360 1800 Ic.
1390 1758 1531 1800 Rachia
1568 1757 1745 1800 nimina
1777 1756 1893 1800 Cius.

191 1821 299 1862 Hist.
335 1821 384 1868 ll,
422 1834 461 1873 p.
499 1821 604 1871 176,
640 1820 709 1872 fig.
740 1820 777 1859 2.
814 1818 854 1860 C.
895 1818 1114 1870 rupes-tris
1150 1818 1277 1860 Guss.
1322 1818 1394 1860 Pr.
1443 1817 1593 1872 Suppl.
1628 1830 1668 1872 p.
1705 1817 1776 1869 44,
1807 1828 1893 1858 non

193 1879 351 1920 dissert.

238 1951 335 1985 Hah.
357 1953 395 1986 in
413 1951 589 1986 arenosis
606 1950 821 1986 mobilibus
848 1950 1055 1984 maritimis
1070 1949 1277 1985 Palestinae
1298 1959 1419 1996 prope
1449 1949 1572 1995 Joppe
1590 1947 1670 1993 (Ky
1684 1949 1710 1993 Ι)
1729 1950 1766 1983 et
1783 1947 1891 1983 Gaza

190 1999 329 2042 (Aucti.
348 2000 464 2043 uim).
482 1998 643 2044 Egypti
661 1998 711 2033 ad
729 1997 1011 2032 Alexandriam
1031 1997 1232 2040 (Elirenbl
1251 1995 1374 2032 Gailll
1392 1995 1580 2040 Samari).

236 2063 298 2098 Ar.
320 2063 451 2107 Geoqr.
473 2062 676 2097 Lusitania
694 2065 732 2097 et
750 2061 954 2108 Hispania,
971 2060 1105 2097 Gallia
1123 2061 1321 2106 australis,
1338 2060 1459 2106 Italia,
1480 2060 1612 2096 Africa
1633 2059 1821 2096 borealis.

509 2172 552 2213 4-
580 2172 622 2213 ÷
650 2169 823 2204 Bracteae
844 2168 1047 2203 interiores
1067 2167 1228 2213 spiculae
1246 2167 1348 2203 inter
1364 2177 1405 2202 se
1424 2166 1574 2203 liberae.

262 2288 325 2326 13.
358 2286 413 2329 C.
444 2285 658 2340 glauca
682 2284 753 2339 (A.
777 2284 897 2327 Rich.
942 2284 1066 2327 Mem.
1099 2282 1192 2326 Soc.
1226 2283 1336 2325 Hist.
1380 2282 1476 2325 Nat.
1522 2283 1619 2325 Par.
1652 2282 1703 2334 V,
1728 2295 1770 2337 p.
1798 2282 1896 2335 1131)

195 2346 402 2399 perennis
425 2344 686 2387 multicaulis
713 2343 805 2386 basi
823 2343 1101 2385 suffruticosa
1126 2341 1276 2395 glabra
1298 2342 1367 2383 vel
1383 2342 1641 2384 tenuissime
1662 2341 1898 2395 puberulo-

196 2404 402 2456 vclutina,
440 2403 635 2445 caulibus
671 2402 827 2445 erectis
862 2401 1070 2454 elongatis
1113 2401 1307 2454 virgatis,
1346 2400 1459 2443 soliis
1497 2399 1736 2442 linearibus
1773 2398 1898 2442 valde

195 2461 406 2504 revolutis
430 2461 654 2510 scabridis,
679 2462 809 2515 spicis
835 2459 1067 2514 gracilibus
1096 2458 1400 2514 pedunculatis
1428 2469 1543 2513 saepe
1578 2458 1787 2512 elongatis
1811 2460 1899 2500 ter-

198 2521 432 2563 minalibus
459 2523 502 2562 et
528 2520 794 2572 lateralibus,
818 2520 1003 2562 bracteis
1034 2517 1379 2571 ovato-oblongis
1416 2517 1621 2560 carinatis
1659 2517 1796 2560 acutis
1831 2516 1898 2558 vol

199 2579 392 2621 breviter
415 2579 670 2622 acuminatis
695 2578 890 2621 ciliolatis
914 2577 1130 2620 exteriore
1153 2575 1445 2630 sublongiore,
1463 2575 1634 2618 corollae
1657 2575 1761 2618 tubo
1781 2574 1901 2616 brac—

199 2637 280 2679 teis
309 2638 474 2692 -2-3-910
513 2637 704 2689 longiore
738 2637 848 2679 iobis
893 2637 938 2679 in
974 2634 1259 2690 appendicem
1295 2633 1581 2689 aequilongam
1624 2632 1902 2685 abeuntibUS,

200 2696 471 2750 merit-,armis
492 2695 686 2748 oblongis
714 2701 773 2743 26.

261 2798 299 2821 α.
319 2779 528 2830 ycmcz'na.
556 2802 616 2810 —
637 2779 773 2834 Spicae
794 2778 953 2820 dcusae.

248 2852 349 2886 Hah.
376 2852 415 2886 in
435 2851 544 2886 siccis
563 2851 704 2897 apricis
722 2851 938 2897 praesertim
958 2849 1167 2892 montanis,
1185 2848 1352 2894 Assyria
1369 2849 1409 2884 in
1424 2850 1556 2885 monte
1577 2847 1737 2883 Nalkou
1754 2846 1900 2892 (Auch.

199 2898 524 2942 6861)‚in1n‹;mte
547 2898 651 2933 Gara
685 2897 945 2933 Kurdistaniae
969 2897 1059 2943 (Ky.
1095 2897 1214 2941 5211),
1249 2898 1402 2931 montes
1435 2897 1638 2931 Avroman
1668 2899 1706 2930 et
1739 2894 1898 2930 Schahu

202 2944 463 2980 KurdislanLc
491 2945 652 2980 Persicae
670 2944 890 2988 (Hausskl),
921 2944 1063 2979 Persiae
1088 2943 1203 2979 occid.
1224 2942 1367 2987 (Michi
1398 2942 1520 2979 Auch.
1547 2942 1666 2987 6750,
1686 2942 1786 2977 inter
1804 2940 1901 2976 Ker-
