2066 3296
97 193 236 230 Pieris.
727 202 977 229 composwAE.
1730 195 1801 232 737

98 278 229 313 setosa
257 275 324 311 sed
351 274 537 311 aculeolis
565 273 652 309 basi
673 272 847 309 dilatatis
868 273 1006 319 obsita,
1024 273 1189 309 achenia
1210 274 1392 320 utrinque
1421 273 1626 321 aequaliter
1646 275 1793 311 suban-

97 323 272 370 gustiora
289 322 357 358 sed
377 332 456 357 non
474 322 653 357 rostrata.

160 450 199 490 7.
230 447 286 490 P.
319 446 492 490 laevis
524 445 645 500 (ΟΛ.
673 445 783 498 Mey.
807 445 962 488 Enum.
993 458 1031 499 p.
1061 447 1137 500 59)
1171 446 1356 498 biennis,
1385 459 1513 500 parce
1539 450 1582 490 et
1609 448 1801 502 crispule

97 506 314 562 puberula
353 505 644 558 glabrescens‚
685 504 803 547 caule
847 508 991 546 erecto
1030 506 1406 557 angulato-striato
1450 519 1471 547 a
1515 505 1608 548 basi
1652 508 1802 550 stricte

99 564 411 610 ramosissimo,
435 564 547 606 foliis
569 563 850 605 inferioribus
873 562 1324 615 oblongo-lanceolatis
1352 565 1536 607 sinuatis
1561 565 1625 606 vel
1648 578 1800 618 grosse

99 628 143 667 et
169 627 335 666 remote
359 621 709 664 dentato-Iobatis
734 621 779 663 in
808 623 1016 674 petiolum
1045 624 1295 675 attenuatiS,
1319 624 1502 666 caulinis
1529 624 1666 675 longis
1691 625 1800 667 inte·

99 682 302 736 gerrimis
342 684 523 730 anguste
561 681 802 722 linearibus
846 680 937 722 basi
983 682 1231 733 attenuatis,
1270 682 1469 735 capitulis
1510 682 1801 726 mediocribus

95 740 360 796 ‚pedunculis
396 740 533 792 longis
560 752 644 782 non
680 739 931 782 incrassatis
965 739 1272 792 insidentibus,
1300 740 1479 795 calyculi
1512 744 1554 783 et
1585 741 1798 784 involucri

96 799 261 853 *phyllis
308 798 618 841 livescentibus
662 810 790 852 parce
835 797 1164 841 canescentibus
1209 799 1383 841 omnino
1431 800 1535 843 setis
1582 799 1801 843 destitutis

95 862 283 911 anguste
321 857 571 900 lanceolatis
608 856 830 910 adpressis
869 856 1063 898 externis
1103 857 1234 911 triplo
1277 857 1572 909 brevioribus,
1611 860 1801 901 acheniis

93 916 509 971 -elliptico-oblongis
534 916 606 958 vix
631 917 823 958 curvatis
847 915 1038 956 tenuiter
1059 915 1280 968 rugulosis
1306 917 1348 958 in
1372 921 1564 960 rostrum
1590 919 1653 960 eis
1677 918 1803 972 quin-

98 976 221 1029 tuplo
255 975 434 1017 brevius
461 975 623 1017 sensim
655 975 904 1026 attenuatis,
930 985 1071 1027 pappo
1104 975 1298 1017 omnium
1323 976 1523 1029 plumoso
1552 977 1801 1030 subpersis-

98 1037 219 1076 iente
244 1034 312 1088 [2]-
338 1032 628 1086 Hypochoerv‘s
662 1045 892 1075 umescens
915 1033 1033 1075 Slev.
1059 1033 1182 1076 Mem.
1213 1033 1305 1075 Soc.
1346 1034 1478 1089 Mosq.
1505 1036 1545 1083 4,
1583 1049 1622 1089 p.
1653 1037 1720 1077 60.
1747 1061 1802 1066 —

99 1092 292 1135 Declcera
318 1103 549 1134 canescens
576 1091 676 1134 ΟΛ.
702 1093 812 1145 Mey.
846 1092 937 1133 ind.
967 1092 1034 1138 IV,
1061 1092 1233 1146 Petrop.
1261 1105 1300 1146 p.
1328 1094 1398 1135 34..

97 1165 243 1247 MHah.
258 1165 299 1200 in
314 1164 488 1200 Caucaso
506 1165 555 1200 ad
572 1166 677 1212 ripas
696 1165 908 1200 fluviorum
926 1164 1072 1208 Malkzu
1090 1165 1226 1201 Teren
1243 1168 1300 1201 etc
1317 1166 1544 1211 ‚900·-2000’
1560 1166 1692 1212 (Stev.‚
1708 1167 1737 1202 C
1753 1169 1799 1203 A.

141 1213 233 1258 evi).

145 1277 178 1311 A
205 1275 250 1311 P.
278 1275 525 1313 hz'eracz'oz'dis
553 1276 689 1312 formis
716 1276 883 1321 calyculi
915 1276 1066 1323 phyllis
1098 1277 1403 1323 angustissimis,
1421 1288 1442 1313 a
1471 1277 1516 1312 P.
1543 1277 1713 1324 strzjqosd
1739 1280 1801 1315 cui

97 1323 224 1369 magis
233 1323 362 1359 affinis
374 1323 596 1359 indumenti
605 1323 834 1369 glochidiati
851 1324 1013 1370 defectu,
1027 1324 1203 1360 acheniis
1223 1325 1382 1370 longius
1400 1325 1589 1371 rostratis,
1605 1326 1799 1363 distincta.

158 1449 196 1489 8.
232 1446 286 1489 P.
322 1447 782 1503 campylocarpa
815 1448 975 1494 (Boiss.
1001 1452 1043 1491 ct
1065 1449 1214 1491 Heldr.
1235 1449 1386 1503 Diagn.
1408 1449 1501 1492 Ser.
1521 1450 1553 1503 1,
1577 1452 1642 1503 11,
1666 1465 1704 1505 p.
1725 1452 1801 1507 37)

89 1519 254 1558 annua,
274 1506 427 1549 setulis
447 1507 628 1549 minutis
650 1507 918 1560 glochidiatis
942 1508 1146 1561 asperula
1165 1509 1323 1562 pallide
1342 1509 1634 1559 virens‚caule
1655 1514 1799 1554 erecto

98 1565 268 1608 inferne
286 1565 440 1607 crebre
456 1565 602 1608 foliato
626 1566 802 1608 amedio
821 1566 1062 1609 dicliotome
1085 1567 1383 1610 ramosissimo
1407 1569 1500 1610 laxe
1524 1570 1798 1623 corymtmso,

96 1623 208 1667 foliis
230 1623 510 1666 inferioribus
533 1624 999 1678 oblongo-spathulatis
1019 1626 1112 1668 basi
1128 1628 1348 1669 atvenuata
1367 1626 1560 1670 breviter
1581 1633 1622 1669 et
1646 1628 1801 1671 obtuse

98 1682 439 1736 pinnatilobatiS‚
480 1683 752 1726 intermediis
796 1684 885 1726 basi
930 1684 1074 1726 sessili
1114 1686 1278 1728 minute
1319 1686 1572 1729 auriculatis
1613 1687 1797 1741 integris

99 1743 283 1784 summis
307 1740 560 1795 linearibus,
583 1742 783 1797 capitulis
808 1742 1058 1796 majusculis
1078 1744 1335 1797 pedunculis
1360 1745 1498 1798 longis
1522 1746 1694 1788 demum
1716 1758 1802 1788 non

98 1799 352 1843 incrassatis
374 1800 582 1851 suffultis,
600 1801 815 1843 involucri
840 1802 1089 1844 livescentis
1112 1803 1272 1857 phyllis
1294 1803 1533 1847 imbricatis
1560 1804 1801 1848 linearibus

97 1859 379 1902 acutiusculis
405 1860 735 1903 canescentibus
758 1861 831 1903 vix
854 1861 1058 1903 setulosis
1084 1861 1136 1903 ab
1160 1862 1323 1905 infimis
1349 1862 1403 1904 ad
1426 1863 1598 1906 interna
1625 1863 1798 1905 demum

98 1917 293 1961 carinata
324 1918 505 1960 incurva
538 1918 700 1960 sensim
735 1919 886 1962 auctis
915 1919 1056 1972 ligulis
1091 1920 1318 1963 involucro
1349 1921 1481 1975 duplo
1509 1922 1797 1975 longioribus,

100 1976 291 2019 acheniis
313 1977 438 2019 valde
461 1977 653 2019 curvatis
677 1980 930 2021 transverse
950 1982 992 2020 et
1013 1991 1164 2032 grosse
1186 1980 1360 2032 rugosis
1382 1981 1422 2021 in
1451 1985 1642 2024 rostrum
1669 1994 1802 2034 rugu-

99 2034 241 2077 losum
259 2035 390 2090 triplo
407 2034 585 2078 brevius
604 2038 853 2087 attenuatis,
873 2049 1013 2092 pappo
1033 2038 1214 2081 deciduo
1232 2039 1512 2082 aclieniorum
1534 2040 1801 2083 exteriorum

91 2093 352 2137 abbreviato
377 2094 633 2137 brevissime
658 2096 858 2149 plumoso
890 2101 953 2146 Θ.

146 2165 247 2202 Hab.
268 2167 306 2202 in
323 2167 476 2203 saxosis
494 2168 635 2214 apricis
654 2178 776 2215 prope
794 2169 1014 2205 Kourmalu
1033 2169 1083 2205 ad
1104 2180 1285 2206 occasum
1308 2171 1418 2206 urbis
1439 2171 1583 2207 Adalia
1602 2172 1805 2220 Pamphy-

98 2212 163 2248 life
185 2213 372 2260 (Heldrl).
391 2213 452 2250 Fi.
468 2214 561 2249 Mai.

146 2276 360 2324 Bipedalis,
379 2277 473 2313 folia
493 2278 678 2314 inferiora
694 2280 717 2315 3
735 2279 830 2326 poll.
850 2280 968 2326 longa
989 2281 1067 2316 fere
1085 2281 1233 2317 lineam
1251 2281 1341 2325 lata,
1362 2282 1535 2328 capitula
1557 2284 1677 2329 longa
1701 2284 1805 2330 ligu-

100 2323 179 2359 lata
198 2325 254 2360 eis
273 2324 312 2360 P
341 2324 589 2362 hieracioz'dis
606 2327 768 2371 majora.
789 2327 945 2373 Species
964 2329 1141 2364 acheniis
1162 2329 1240 2364 fere
1259 2329 1298 2363 in
1317 2329 1612 2365 semicirculum
1631 2332 1803 2367 curvatis

102 2372 139 2406 et
159 2371 343 2418 capitulis
361 2372 515 2417 magnis
532 2373 634 2408 inter
651 2383 804 2409 annuas
823 2375 1004 2421 insignis,
1023 2386 1152 2422 pappo
1170 2376 1310 2411 florum
1330 2376 1610 2421 marginalium
1634 2378 1701 2413 vix
1718 2378 1805 2425 plu-

96 2427 211 2454 moso
229 2418 439 2454 transitum
456 2419 506 2454 ad
523 2418 756 2466 Spitzelz'am
775 2422 968 2467 praebens.

160 2546 198 2587 9.
232 2545 290 2588 P.
320 2546 650 2601 pauciilora
682 2546 850 2603 (Willd.
879 2547 950 2602 Sp.
979 2548 1056 2601 Ill,
1085 2561 1123 2602 p.
1161 2548 1291 2603 1557)
1318 2562 1460 2592 annua
1500 2550 1601 2603 pilis
1639 2551 1801 2602 glochi·

103 2604 232 2647 dialis
257 2615 428 2660 aspera,
451 2605 572 2648 caule
597 2610 742 2649 erecto
763 2620 784 2649 a
812 2610 934 2662 parte
958 2607 1152 2649 infer-lori
1176 2607 1242 2649 vel
1268 2619 1459 2661 superne
1478 2612 1649 2651 tantum
1673 2622 1802 2663 parce

92 2666 143 2706 -et
166 2663 402 2706 substricte
424 2675 609 2716 ramoso,
626 2664 736 2708 foliis
753 2665 1207 2720 oblongo-lanceolatis
1232 2666 1418 2709 dentatis
1439 2668 1506 2710 vel
1533 2667 1802 2721 subintegris

100 2721 363 2764 radicalibns
383 2722 428 2763 in
450 2722 658 2777 petiolum
683 2725 936 2768 attenuatis,
958 2725 1264 2778 superioribus
1289 2725 1530 2768 linearibus
1553 2727 1803 2778 sessilibus‚

99 2780 363 2834 pedunculis
387 2780 622 2825 fructiferis
652 2782 779 2825 valde
804 2784 965 2826 inssatis
989 2783 1072 2826 sub
1098 2783 1285 2836 capitulo
1312 2785 1612 2838 strangulatis,
1638 2786 1803 2840 capitu-

100 2838 155 2880 lis
180 2838 474 2881 mediocribus
509 2839 562 2881 ad
594 2840 786 2884 medium
813 2842 1110 2896 strangulatis,
1141 2842 1323 2896 calyculi
1359 2842 1520 2897 phyllis
1561 2843 1802 2887 linearibus

100 2897 309 2940 setulosis
351 2897 563 2940 involucri
606 2900 816 2943 fructiferi
862 2901 1067 2943 carinatis
1110 2904 1272 2955 praeter
1315 2901 1618 2944 indumentum
1669 2902 1802 2945 breve

100 2955 399 2998 tomentellum
417 2955 546 3000 dorso
563 2957 1098 3012 spinuloso-glochi«lintis,
1118 2960 1310 3002 acheniis
1327 2960 1520 3003 curvatis
1547 2964 1803 3005 transverse

1568 3032 1615 3068 47
