2066 3311
75 208 339 247 Podantlzum.
749 214 992 240 CAMPANULA
999 214 1097 239 ene.
1707 208 1774 241 ‘rt-'si

77 291 266 333 rioribus
294 290 335 331 in
363 288 570 343 petiolum
609 286 732 339 longe
765 286 1013 330 attenuatis,
1047 285 1229 326 floribus
1268 284 1433 327 9-5—nis
1470 285 1511 326 in
1549 286 1775 328 fasciculos

75 350 268 392 breviter
292 347 606 401 pedunculatos
634 349 676 387 et
700 345 953 398 superiores
988 344 1164 386 sessiles
1194 344 1246 384 ad
1283 342 1466 385 bracteae
1507 344 1776 387 lineari-lan—

77 408 250 451 ceolatae
277 407 449 449 axillam
487 405 709 459 dispositis
745 403 976 446 sessilibus
1008 403 1290 453 liracteolatis,
1324 403 1481 455 calycis
1513 403 1648 455 glabri
1680 404 1777 445 laci-

76 468 160 509 niis
185 469 365 518 anguste
394 464 631 507 linearibus
655 463 758 522 tubo
786 461 1145 514 oblongo-lineari
1172 461 1262 503 basi
1286 466 1509 505 attenuato
1539 462 1660 504 valde
1686 464 1774 505 sul-

77 531 167 567 cato
198 523 566 577 sublongiorillus.
592 524 752 565 corolla
778 521 927 574 glabra
956 521 1117 562 laciniis
1143 521 1299 573 ‹⁴·alycis
1329 521 1397 562 vix
1422 521 1554 574 duplo
1585 522 1778 575 longiore

78 584 162 639 (ΞΥ.)
185 584 329 635 Camp.
355 581 650 634 Cappadocia-a
677 581 812 622 Boiss.
844 581 918 624 loe,
944 580 1013 620 cit.
1044 592 1084 632 p.
1113 581 1177 619 Π.

124 657 222 691 Hah.
243 657 282 691 in
303 658 435 691 monte
453 654 620 701 Akdagh
641 653 901 700 Cappadociae
922 652 1059 693 (Auch.
1082 663 1160 687 exs.
1180 652 1321 689 1383n.

123 720 413 768 Sesquipedale,
440 719 536 755 folia
561 719 748 754 radicalia
768 717 1024 764 tripollicaria
1044 720 1080 751 et
1105 717 1250 763 petiolo
1276 716 1505 763 aequilongo
1531 717 1692 753 suli'ulla
1717 717 1782 753 7-8

77 768 200 804 lineas
221 768 311 807 lata,
332 767 524 817 paniculae
551 767 694 802 racemi
724 765 985 810 semipedales
1010 767 1046 799 et
1071 765 1279 809 longiores,
1307 765 1420 799 flores
1447 765 1475 799 5-
1498 764 1621 800 lineas
1649 765 1779 810 longi3

79 816 193 851 affine
224 814 268 849 P.
305 816 458 860 rimato
486 817 524 849 et
553 813 828 858 cichoreformz,
860 822 882 847 a
907 811 1026 858 priori
1054 811 1159 847 foliis
1192 812 1292 853 latis,
1312 811 1507 847 fasciculis
1527 812 1780 847 inferioribus

80 861 363 909 pedunculatiS,
382 872 404 896 a
424 861 627 908 posteriori
645 860 749 896 foliis
771 859 1007 894 acuminatisv
1032 870 1100 893 nec
1120 859 1398 903 obtusissimis,
1418 859 1467 893 ab
1489 861 1652 905 utroque
1673 859 1781 895 brac-

78 910 150 945 teis
170 910 348 955 angustis
367 912 400 944 et
420 907 565 944 corolla
582 907 714 955 quoad
733 906 905 952 calycem
928 906 1038 941 brevi
1058 906 1294 952 discrepans.

141 1027 179 1067 4.
217 1025 275 1068 P.
306 1024 721 1068 cichoriforrne
757 1023 918 1077 (Boiss.
962 1022 1111 1075 Diagu.
1147 1022 1238 1064 Ser.
1276 1023 1302 1073 1,
1344 1024 1383 1073 li,
1419 1036 1458 1076 p.
1497 1022 1572 1078 37)
1615 1024 1783 1065 minute

81 1084 561 1139 papillari-pubescens,
585 1084 704 1125 caule
729 1094 876 1124 crasso
895 1082 1102 1134 anguloso
1126 1083 1236 1124 elato
1256 1082 1516 1136 subapliyllo
1538 1083 1580 1124 in
1605 1083 1783 1136 panicu—

81 1143 162 1185 lam
189 1144 354 1196 longam
380 1144 572 1185 striclam
597 1141 937 1184 ramosissimam
964 1140 1278 1192 al>runti‚loliis
1301 1141 1564 1183 radicalilms
1590 1145 1783 1194 margine

80 1216 231 1256 grosse
257 1201 481 1244 undulatis
509 1201 705 1255 oblongis
732 1205 775 1242 et
807 1201 889 1242 late
920 1200 1379 1252 oblongo-lanceolatis
1412 1200 1707 1243 obtusissimis
1737 1202 1779 1243 in

83 1262 286 1315 petiolum
324 1261 572 1311 attenuatis,
616 1260 797 1302 caulinis
836 1260 983 1312 paucis
1022 1259 1171 1312 parvis
1207 1259 1461 1310 linearibus,
1493 1260 1677 1301 floribus
1710 1261 1782 1301 3-5

83 1321 312 1362 sessilibus
340 1320 383 1362 in
412 1320 638 1363 fasciculos
667 1322 856 1361 remotos
892 1319 945 1361 ad
979 1318 1160 1359 bracteae
1190 1322 1497 1372 parvze'ovatae
1526 1319 1782 1361 acuminata}

82 1379 253 1421 axillam
275 1391 401 1422 secus
423 1391 568 1421 ramos
586 1378 793 1432 panicula}
813 1377 1032 1431 elongatos
1056 1377 1414 1431 spicatis‚calycis
1440 1377 1602 1419 laciniis
1622 1378 1785 1429 glabris

84 1438 322 1480 linearibus
352 1439 452 1480 tubo
479 1438 662 1491 oblongo
699 1437 869 1491 punctis
899 1438 964 1478 vel
997 1437 1169 1491 papillis
1195 1438 1305 1482 albis
1333 1437 1495 1490 saepius
1519 1437 1658 1479 obsito
1683 1437 1784 1479 sub-

83 1497 214 1550 duplo
238 1496 504 1550 longioribus
532 1496 690 1540 corolla
717 1496 864 1549 glabra
893 1496 1023 1549 duplo
1055 1497 1328 1538 brevioribus
1354 1497 1420 1551 Θ.

131 1571 229 1606 Hab.
249 1571 288 1606 in
308 1570 484 1606 dumosis
497 1571 667 1616 regionis
684 1575 882 1605 montanae
896 1570 1094 1615 Bithynia*
1114 1580 1233 1616 prope
1257 1569 1444 1605 Brussam
1465 1570 1678 1614 (Fritschl),
1703 1571 1783 1614 agri

84 1619 244 1665 Trojani
258 1618 497 1662 (sonando),
519 1618 645 1653 Cariae
664 1617 704 1652 in
720 1621 854 1658 'monte
874 1617 1023 1651 Cadmo
1042 1628 1162 1663 supra
1183 1618 1371 1652 Denisleli
1391 1617 1522 1661 (Boiss
1536 1619 1574 1661 l),
1589 1617 1723 1662 Lydia¹
1744 1618 1785 1652 in

84 1670 214 1702 monte
233 1665 370 1712 Sipylo
385 1665 434 1700 ad
457 1665 700 1711 Magnesiam
718 1665 881 1708 (Boiss!‚
904 1664 974 1698 Bal
991 1667 1024 1708 ἔ).

131 1729 265 1765 Cauiis
284 1739 388 1776 saepe
409 1728 612 1775 trIpedalis
630 1728 752 1763 ramis
773 1727 992 1775 pedalibus.
1011 1727 1101 1762 folia
1119 1727 1305 1762 radicalia
1320 1738 1531 1763 numerosa
1544 1727 1605 1762 3-7
1627 1727 1787 1773 pollices

85 1777 205 1823 longa
228 1787 331 1822 saepe
350 1775 535 1823 pollicem
561 1776 651 1812 lata.
681 1778 834 1820 species
856 1775 1017 1822 pulchra
1038 1786 1059 1809 a
1083 1774 1125 1809 P.
1148 1776 1304 1820 vvirfsato
1321 1779 1358 1810 et
1379 1774 1654 1822 Cappadociae
1676 1775 1786 1810 brac-

85 1825 157 1860 teis
176 1823 265 1859 latis
285 1825 426 1867 ovatis,
445 1834 467 1859 a
487 1823 529 1859 Ρ.
552 1822 740 1869 pulchello
758 1824 812 1858 eis
832 1834 908 1858 non
928 1822 1500 1869 cucullato-ainplexicaulibus
1521 1822 1645 1858 multo
1662 1823 1788 1857 mino-

85 1871 205 1914 ribus,
227 1870 330 1907 foliis
351 1870 514 1915 obtusis,
533 1874 613 1913 etc„
632 1871 824 1906 distincta.

148 1991 184 2029 5.
218 1987 274 2029 Ρ.
303 1986 751 2041 brachylohum.
792 1987 912 2028 caule
951 1998 1098 2027 crasso
1131 1986 1242 2027 elato
1278 1986 1445 2027 inferne
1482 1997 1608 2040 parce
1642 1985 1789 2028 foliato

88 2058 278 2101 superne
302 2046 344 2088 iu
370 2046 614 2099 paniculam
637 2046 956 2100 pyramidatani
980 2045 1173 2095 abeunti,
1200 2045 1311 2087 foliis
1336 2044 1564 2098 puberulis
1594 2045 1791 2098 margine

91 2105 310 2149 undulatis
345 2104 837 2159 repando-denticulatis
876 2105 1155 2147 inferioribus
1186 2104 1653 2159 oblongo-spathulatis
1691 2117 1792 2146 acu-

87 2163 287 2208 tiusculis
311 2164 355 2205 in
384 2164 590 2217 petiolum
622 2165 871 2207 attenuatis.
899 2163 1082 2206 caulinis
1110 2166 1293 2217 anguste
1321 2163 1574 2211 linearibus,
1603 2163 1790 2206 floribus

89 2223 317 2266 sessilibus
345 2223 511 2265 3-4-nis
538 2223 581 2265 in
608 2223 835 2266 fasciculos
863 2223 1198 2265 remotiusculos
1232 2223 1419 2265 bracteis
1445 2223 1792 2275 ovato-triangu-

89 2282 254 2326 laribus
279 2282 460 2336 stipatos
485 2294 611 2325 secus
634 2294 778 2325 ramos
803 2282 1014 2336 paniculae
1041 2282 1134 2324 laxe
1159 2282 1347 2336 spicatos
1372 2282 1609 2336 dispositis,
1632 2281 1792 2335 calyciS

89 2341 341 2396 glaber-rimi
379 2341 543 2384 laciniis
580 2342 720 2384 ovatis
755 2342 926 2384 obtusis
972 2341 1073 2383 lubi]
1111 2341 1299 2395 e'lliptieo
1338 2341 1470 2394 duplo
1513 2340 1794 2384 brevioribus

91 2401 251 2444 corolla
270 2400 439 2454 4·5-plo
462 2400 740 2443 brevioribus
758 2400 826 2456 Q).
849 2400 991 2452 Camp.
1016 2399 1278 2452 sessibiflora
1295 2399 1433 2442 ssoiss.
1461 2401 1502 2442 in
1521 2401 1681 2453 Bourg.
1700 2412 1792 2442 exs.

140 2474 238 2509 Hab.
252 2474 293 2509 in
314 2474 494 2509 faucibus
513 2484 633 2521 prope
651 2473 799 2509 Baibut
817 2473 1013 2509 Armeniae
1033 2473 1228 2518 (Boni-gl).

138 2536 355 2584 Tripedale,
378 2536 473 2573 folia
499 2536 685 2573 radicalia
711 2548 801 2573 cum
830 2536 974 2584 petiolo
1001 2536 1286 2582 2-3-1)011iearia
1314 2536 1377 2572 6-9
1404 2535 1529 2571 lineas
1556 2536 1648 2579 lata,
1675 2536 1794 2571 facies

93 2583 140 2619 P.
173 2582 440 2632 Cappadocia·
459 2587 498 2619 et
523 2582 822 2631 ezchorz'formzle,
840 2583 891 2620 ab
906 2585 961 2620 eis
980 2588 1017 2619 et
1033 2584 1218 2619 affinibus
1237 2583 1364 2619 forma.
1378 2587 1416 2619 et
1428 2583 1618 2619 brevitate
1636 2583 1797 2619 lacinia—

93 2641 180 2667 rum
198 2631 342 2677 calycis
360 2631 601 2667 distinctum.

154 2749 192 2790 6.
226 2747 284 2790 Ρ.
316 2746 682 2803 pulchellum
704 2746 756 2802 (F
797 2751 840 2790 el.
864 2747 917 2789 M.
947 2746 1036 2788 Iud.
1072 2746 1100 2787 l.
1134 2746 1307 2800 Pet-rep.
1339 2759 1377 2800 p.
1408 2747 1462 2787 35
1490 2746 1570 2789 sub
1598 2745 1794 2798 Phyleu-

94 2805 228 2861 Μαῖα)
263 2805 420 2849 bienue
458 2805 715 2859 pubescens,
754 2807 875 2849 caule
910 2818 1057 2848 crasso
1095 2806 1206 2848 elato
1246 2809 1369 2859 parte
1410 2805 1605 2846 inferiori
1644 2805 1797 2846 folles-o

97 2866 342 2919 paniculato
367 2865 497 2908 ramis
519 2865 731 2919 paniculae
753 2865 917 2908 strictis
941 2866 1078 2918 longis
1096 2864 1317 2907 laxissime
1341 2864 1532 2917 spicalis.
1550 2863 1665 2906 foliis
1683 2863 1798 2904 radi-

96 2925 260 2968 calibus
284 2924 735 2979 oblongo-lanceolatis
758 2924 1014 2967 acuminatis
1044 2924 1082 2965 in
1110 2924 1319 2978 petiolum
1350 2923 1524 2965 brevem
1562 2918 1798 2965 altenuatis

97 2984 291 3037 margine
309 2982 583 3026 denticulatis
606 2994 719 3037 saepe
737 2983 908 3036 crispis,
930 2981 1114 3025 caulinis
1138 2981 1368 3025 sessilibus
1388 2981 1615 3023 diminutis
1638 2993 1799 3034 angus-
