<?xml version="1.0" encoding="UTF-8"?>
<!DOCTYPE html PUBLIC "-//W3C//DTD XHTML 1.0 Transitional//EN"
    "http://www.w3.org/TR/xhtml1/DTD/xhtml1-transitional.dtd">
<html xmlns="http://www.w3.org/1999/xhtml" xml:lang="en" lang="en">
 <head>
  <title>
</title>
<meta http-equiv="Content-Type" content="text/html;charset=utf-8" />
  <meta name='ocr-system' content='tesseract 3.04.00' />
  <meta name='ocr-capabilities' content='ocr_page ocr_carea ocr_par ocr_line ocrx_word'/>
</head>
<body>
  <div class='ocr_page' id='page_1' title='image "./floraorientaliss03bois/floraorientaliss03bois_0884.png"; bbox 0 0 2090 3291; ppageno 0'>
   <div class='ocr_carea' id='block_1_1' title="bbox 223 220 1923 259">
    <p class='ocr_par' dir='ltr' id='par_1_1' title="bbox 223 220 1923 259">
     <span class='ocr_line' id='line_1_1' title="bbox 223 220 1923 259; baseline 0.004 -7"><span class='ocrx_word' id='word_1_1' title='bbox 223 223 294 259; x_wconf 88' lang='lat'>798</span> <span class='ocrx_word' id='word_1_2' title='bbox 951 228 1197 255; x_wconf 81' lang='lat' dir='ltr'>COMPOSITAE.</span> <span class='ocrx_word' id='word_1_3' title='bbox 1731 220 1906 258; x_wconf 78' lang='lat' dir='ltr'>Sonchus</span> <span class='ocrx_word' id='word_1_4' title='bbox 1915 249 1923 257; x_wconf 94' lang='lat'><strong>.</strong></span> 
     </span>
    </p>
   </div>
   <div class='ocr_carea' id='block_1_2' title="bbox 222 299 1929 718">
    <p class='ocr_par' dir='ltr' id='par_1_2' title="bbox 222 299 1927 653">
     <span class='ocr_line' id='line_1_2' title="bbox 224 299 1927 355; baseline -0.001 -8"><span class='ocrx_word' id='word_1_5' title='bbox 224 306 323 347; x_wconf 81' lang='lat' dir='ltr'>nata</span> <span class='ocrx_word' id='word_1_6' title='bbox 346 304 514 346; x_wconf 85' lang='lat' dir='ltr'>caeteris</span> <span class='ocrx_word' id='word_1_7' title='bbox 542 303 681 346; x_wconf 84' lang='lat' dir='ltr'>ovatis</span> <span class='ocrx_word' id='word_1_8' title='bbox 709 301 877 345; x_wconf 84' lang='lat' dir='ltr'>obtusis</span> <span class='ocrx_word' id='word_1_9' title='bbox 900 312 1041 355; x_wconf 83' lang='lat' dir='ltr'>usque</span> <span class='ocrx_word' id='word_1_10' title='bbox 1063 301 1117 343; x_wconf 90' lang='lat' dir='ltr'>ad</span> <span class='ocrx_word' id='word_1_11' title='bbox 1142 300 1268 343; x_wconf 87' lang='lat' dir='ltr'>basin</span> <span class='ocrx_word' id='word_1_12' title='bbox 1295 299 1663 354; x_wconf 77' lang='lat' dir='ltr'>decrescentibus,</span> <span class='ocrx_word' id='word_1_13' title='bbox 1686 301 1802 344; x_wconf 85' lang='lat' dir='ltr'>soliis</span> <span class='ocrx_word' id='word_1_14' title='bbox 1827 316 1927 345; x_wconf 89' lang='lat' dir='ltr'>cau-</span> 
     </span>
     <span class='ocr_line' id='line_1_3' title="bbox 223 359 1926 413; baseline -0.001 -8"><span class='ocrx_word' id='word_1_15' title='bbox 223 363 322 405; x_wconf 89' lang='lat' dir='ltr'>linis</span> <span class='ocrx_word' id='word_1_16' title='bbox 349 363 445 405; x_wconf 88' lang='lat' dir='ltr'>basi</span> <span class='ocrx_word' id='word_1_17' title='bbox 471 363 626 405; x_wconf 84' lang='lat' dir='ltr'>obtuse</span> <span class='ocrx_word' id='word_1_18' title='bbox 652 360 906 404; x_wconf 87' lang='lat' dir='ltr'>auriculatis</span> <span class='ocrx_word' id='word_1_19' title='bbox 930 360 1099 402; x_wconf 81' lang='lat' dir='ltr'>inferne</span> <span class='ocrx_word' id='word_1_20' title='bbox 1127 359 1399 402; x_wconf 88' lang='lat' dir='ltr'>subsinuatis</span> <span class='ocrx_word' id='word_1_21' title='bbox 1433 360 1502 402; x_wconf 86' lang='lat' dir='ltr'>vel</span> <span class='ocrx_word' id='word_1_22' title='bbox 1528 359 1712 413; x_wconf 81' lang='lat' dir='ltr'>integris</span> <span class='ocrx_word' id='word_1_23' title='bbox 1742 363 1926 404; x_wconf 79' lang='lat' dir='ltr'>summis</span> 
     </span>
     <span class='ocr_line' id='line_1_4' title="bbox 223 418 1925 476; baseline -0.002 -11"><span class='ocrx_word' id='word_1_24' title='bbox 223 426 405 476; x_wconf 82' lang='lat' dir='ltr'>anguste</span> <span class='ocrx_word' id='word_1_25' title='bbox 429 422 683 471; x_wconf 79' lang='lat' dir='ltr'>linearibuS,</span> <span class='ocrx_word' id='word_1_26' title='bbox 702 419 904 474; x_wconf 86' lang='lat' dir='ltr'>capitulis</span> <span class='ocrx_word' id='word_1_27' title='bbox 928 419 1126 472; x_wconf 85' lang='lat' dir='ltr'>angustis</span> <span class='ocrx_word' id='word_1_28' title='bbox 1149 418 1381 470; x_wconf 87' lang='lat' dir='ltr'>obconicis,</span> <span class='ocrx_word' id='word_1_29' title='bbox 1398 418 1626 461; x_wconf 86' lang='lat' dir='ltr'>involucro</span> <span class='ocrx_word' id='word_1_30' title='bbox 1646 419 1925 473; x_wconf 87' lang='lat' dir='ltr'>pedunculis-</span> 
     </span>
     <span class='ocr_line' id='line_1_5' title="bbox 222 477 1927 536; baseline -0.002 -12"><span class='ocrx_word' id='word_1_31' title='bbox 222 494 307 536; x_wconf 88' lang='lat' dir='ltr'>que</span> <span class='ocrx_word' id='word_1_32' title='bbox 335 480 521 535; x_wconf 87' lang='lat' dir='ltr'>capitulo</span> <span class='ocrx_word' id='word_1_33' title='bbox 547 479 806 535; x_wconf 85' lang='lat' dir='ltr'>aequilongis</span> <span class='ocrx_word' id='word_1_34' title='bbox 830 478 1095 520; x_wconf 83' lang='lat' dir='ltr'>creberrime</span> <span class='ocrx_word' id='word_1_35' title='bbox 1126 477 1533 531; x_wconf 90' lang='lat' dir='ltr'>glanduloso-hirtis</span> <span class='ocrx_word' id='word_1_36' title='bbox 1563 478 1725 532; x_wconf 85' lang='lat' dir='ltr'>phyllis</span> <span class='ocrx_word' id='word_1_37' title='bbox 1760 478 1927 521; x_wconf 88' lang='lat' dir='ltr'>lanceo-</span> 
     </span>
     <span class='ocr_line' id='line_1_6' title="bbox 223 536 1925 592; baseline -0.001 -10"><span class='ocrx_word' id='word_1_38' title='bbox 223 541 321 582; x_wconf 87' lang='lat' dir='ltr'>latis</span> <span class='ocrx_word' id='word_1_39' title='bbox 361 540 648 582; x_wconf 86' lang='lat' dir='ltr'>acutiusculis</span> <span class='ocrx_word' id='word_1_40' title='bbox 686 537 882 581; x_wconf 82' lang='lat' dir='ltr'>externis</span> <span class='ocrx_word' id='word_1_41' title='bbox 917 537 1046 592; x_wconf 88' lang='lat' dir='ltr'>triplo</span> <span class='ocrx_word' id='word_1_42' title='bbox 1083 536 1376 590; x_wconf 88' lang='lat' dir='ltr'>brevioribus,</span> <span class='ocrx_word' id='word_1_43' title='bbox 1414 536 1605 579; x_wconf 87' lang='lat' dir='ltr'>acheniis</span> <span class='ocrx_word' id='word_1_44' title='bbox 1639 537 1925 592; x_wconf 87' lang='lat' dir='ltr'>(junioribus)</span> 
     </span>
     <span class='ocr_line' id='line_1_7' title="bbox 222 598 647 653; baseline -0.005 -12"><span class='ocrx_word' id='word_1_45' title='bbox 222 599 423 653; x_wconf 88' lang='lat' dir='ltr'>ellipticis</span> <span class='ocrx_word' id='word_1_46' title='bbox 450 598 647 641; x_wconf 84' lang='lat' dir='ltr'>laevibus.</span> 
     </span>
    </p>

    <p class='ocr_par' dir='ltr' id='par_1_3' title="bbox 270 668 1929 718">
     <span class='ocr_line' id='line_1_8' title="bbox 270 668 1929 718; baseline -0.001 -11"><span class='ocrx_word' id='word_1_47' title='bbox 270 671 372 707; x_wconf 83' lang='lat' dir='ltr'>Hal).</span> <span class='ocrx_word' id='word_1_48' title='bbox 392 672 431 706; x_wconf 89' lang='lat' dir='ltr'>in</span> <span class='ocrx_word' id='word_1_49' title='bbox 448 671 570 718; x_wconf 85' lang='lat' dir='ltr'>pratis</span> <span class='ocrx_word' id='word_1_50' title='bbox 588 671 638 707; x_wconf 87' lang='lat' dir='ltr'>ad</span> <span class='ocrx_word' id='word_1_51' title='bbox 656 669 851 706; x_wconf 87' lang='lat' dir='ltr'>Alischeri</span> <span class='ocrx_word' id='word_1_52' title='bbox 870 668 988 704; x_wconf 84' lang='lat' dir='ltr'>Khan</span> <span class='ocrx_word' id='word_1_53' title='bbox 1007 669 1206 705; x_wconf 87' lang='lat' dir='ltr'>Armeniae</span> <span class='ocrx_word' id='word_1_54' title='bbox 1233 669 1407 704; x_wconf 85' lang='lat' dir='ltr'>Turcicae</span> <span class='ocrx_word' id='word_1_55' title='bbox 1424 668 1529 705; x_wconf 73' lang='lat'>6200’</span> <span class='ocrx_word' id='word_1_56' title='bbox 1548 669 1639 714; x_wconf 62' lang='grc' dir='ltr'>(ΚΥ.</span> <span class='ocrx_word' id='word_1_57' title='bbox 1658 668 1795 716; x_wconf 89' lang='lat' dir='ltr'>Suppl.</span> <span class='ocrx_word' id='word_1_58' title='bbox 1813 669 1929 714; x_wconf 73' lang='grc'>6341).</span> 
     </span>
    </p>
   </div>
   <div class='ocr_carea' id='block_1_3' title="bbox 224 732 1929 922">
    <p class='ocr_par' dir='ltr' id='par_1_4' title="bbox 224 732 1929 922">
     <span class='ocr_line' id='line_1_9' title="bbox 271 732 1928 782; baseline -0.001 -10"><span class='ocrx_word' id='word_1_59' title='bbox 271 736 416 772; x_wconf 85' lang='lat' dir='ltr'>Caules</span> <span class='ocrx_word' id='word_1_60' title='bbox 428 736 497 772; x_wconf 85' lang='lat' dir='ltr'>vix</span> <span class='ocrx_word' id='word_1_61' title='bbox 512 735 683 782; x_wconf 79' lang='lat' dir='ltr'>pedales,</span> <span class='ocrx_word' id='word_1_62' title='bbox 700 734 796 770; x_wconf 85' lang='lat' dir='ltr'>folia</span> <span class='ocrx_word' id='word_1_63' title='bbox 805 734 991 769; x_wconf 84' lang='lat' dir='ltr'>inferiora</span> <span class='ocrx_word' id='word_1_64' title='bbox 1005 744 1093 769; x_wconf 91' lang='lat' dir='ltr'>cum</span> <span class='ocrx_word' id='word_1_65' title='bbox 1105 733 1251 780; x_wconf 89' lang='lat' dir='ltr'>petiolo</span> <span class='ocrx_word' id='word_1_66' title='bbox 1263 732 1550 780; x_wconf 85' lang='lat' dir='ltr'>4-5-pollicaria</span> <span class='ocrx_word' id='word_1_67' title='bbox 1562 733 1744 780; x_wconf 85' lang='lat' dir='ltr'>pollicem</span> <span class='ocrx_word' id='word_1_68' title='bbox 1760 744 1928 780; x_wconf 85' lang='lat' dir='ltr'>superne</span> 
     </span>
     <span class='ocr_line' id='line_1_10' title="bbox 224 780 1923 830; baseline -0.002 -11"><span class='ocrx_word' id='word_1_69' title='bbox 224 784 312 819; x_wconf 87' lang='lat' dir='ltr'>lata.</span> <span class='ocrx_word' id='word_1_70' title='bbox 332 783 391 818; x_wconf 84' lang='lat' dir='ltr'>Ex</span> <span class='ocrx_word' id='word_1_71' title='bbox 410 785 546 830; x_wconf 82' lang='lat' dir='ltr'>paucis</span> <span class='ocrx_word' id='word_1_72' title='bbox 565 786 601 819; x_wconf 88' lang='lat' dir='ltr'>et</span> <span class='ocrx_word' id='word_1_73' title='bbox 617 781 866 829; x_wconf 85' lang='lat' dir='ltr'>incompletis</span> <span class='ocrx_word' id='word_1_74' title='bbox 884 780 1166 828; x_wconf 80' lang='lat' dir='ltr'>speciminibus</span> <span class='ocrx_word' id='word_1_75' title='bbox 1185 782 1290 825; x_wconf 87' lang='lat' dir='ltr'>nota,</span> <span class='ocrx_word' id='word_1_76' title='bbox 1308 780 1483 827; x_wconf 85' lang='lat' dir='ltr'>capitula</span> <span class='ocrx_word' id='word_1_77' title='bbox 1497 780 1686 816; x_wconf 85' lang='lat' dir='ltr'>obconica</span> <span class='ocrx_word' id='word_1_78' title='bbox 1704 791 1773 816; x_wconf 88' lang='lat' dir='ltr'>nec</span> <span class='ocrx_word' id='word_1_79' title='bbox 1795 784 1923 826; x_wconf 82' lang='lat' dir='ltr'>ovata,</span> 
     </span>
     <span class='ocr_line' id='line_1_11' title="bbox 224 826 1926 874; baseline -0.001 -8"><span class='ocrx_word' id='word_1_80' title='bbox 224 831 279 866; x_wconf 88' lang='lat' dir='ltr'>eis</span> <span class='ocrx_word' id='word_1_81' title='bbox 298 829 337 867; x_wconf 90' lang='lat' dir='ltr'>S.</span> <span class='ocrx_word' id='word_1_82' title='bbox 361 830 554 866; x_wconf 64' lang='lat' dir='ltr'>maritimi</span> <span class='ocrx_word' id='word_1_83' title='bbox 569 829 694 866; x_wconf 84' lang='lat' dir='ltr'>multo</span> <span class='ocrx_word' id='word_1_84' title='bbox 711 830 953 874; x_wconf 86' lang='lat' dir='ltr'>angustiora.</span> <span class='ocrx_word' id='word_1_85' title='bbox 974 828 1077 864; x_wconf 90' lang='lat' dir='ltr'>Inter</span> <span class='ocrx_word' id='word_1_86' title='bbox 1096 827 1304 874; x_wconf 81' lang='lat' dir='ltr'>Crepz&#39;dem</span> <span class='ocrx_word' id='word_1_87' title='bbox 1323 832 1360 864; x_wconf 88' lang='lat' dir='ltr'>et</span> <span class='ocrx_word' id='word_1_88' title='bbox 1373 826 1573 864; x_wconf 76' lang='lat' dir='ltr'>Sonchum</span> <span class='ocrx_word' id='word_1_89' title='bbox 1590 827 1727 874; x_wconf 84' lang='lat' dir='ltr'>planta</span> <span class='ocrx_word' id='word_1_90' title='bbox 1744 827 1795 862; x_wconf 89' lang='lat' dir='ltr'>ob</span> <span class='ocrx_word' id='word_1_91' title='bbox 1813 829 1926 864; x_wconf 86' lang='lat' dir='ltr'>ache-</span> 
     </span>
     <span class='ocr_line' id='line_1_12' title="bbox 224 875 1929 922; baseline -0.001 -10"><span class='ocrx_word' id='word_1_92' title='bbox 224 878 290 914; x_wconf 88' lang='lat' dir='ltr'>nia</span> <span class='ocrx_word' id='word_1_93' title='bbox 316 878 452 922; x_wconf 83' lang='lat' dir='ltr'>ignota</span> <span class='ocrx_word' id='word_1_94' title='bbox 477 877 687 921; x_wconf 84' lang='lat' dir='ltr'>subdubia,</span> <span class='ocrx_word' id='word_1_95' title='bbox 715 877 784 913; x_wconf 89' lang='lat' dir='ltr'>sed</span> <span class='ocrx_word' id='word_1_96' title='bbox 807 876 969 912; x_wconf 87' lang='lat' dir='ltr'>omnino</span> <span class='ocrx_word' id='word_1_97' title='bbox 992 885 1219 922; x_wconf 88' lang='lat' dir='ltr'>compressa</span> <span class='ocrx_word' id='word_1_98' title='bbox 1247 875 1441 921; x_wconf 86' lang='lat' dir='ltr'>videntur,</span> <span class='ocrx_word' id='word_1_99' title='bbox 1460 875 1550 910; x_wconf 86' lang='lat' dir='ltr'>inde</span> <span class='ocrx_word' id='word_1_100' title='bbox 1572 875 1778 921; x_wconf 81' lang='lat' dir='ltr'>posteriori</span> <span class='ocrx_word' id='word_1_101' title='bbox 1797 875 1929 921; x_wconf 82' lang='lat' dir='ltr'>generi</span> 
     </span>
    </p>
   </div>
   <div class='ocr_carea' id='block_1_4' title="bbox 224 925 495 961">
    <p class='ocr_par' dir='ltr' id='par_1_5' title="bbox 224 925 495 961">
     <span class='ocr_line' id='line_1_13' title="bbox 224 925 495 961; baseline 0 -1"><span class='ocrx_word' id='word_1_102' title='bbox 224 925 495 961; x_wconf 83' lang='lat' dir='ltr'>adnumeravi.</span> 
     </span>
    </p>
   </div>
   <div class='ocr_carea' id='block_1_5' title="bbox 222 1040 1927 1871">
    <p class='ocr_par' dir='ltr' id='par_1_6' title="bbox 222 1040 1927 1568">
     <span class='ocr_line' id='line_1_14' title="bbox 285 1040 1927 1097; baseline 0.001 -13"><span class='ocrx_word' id='word_1_103' title='bbox 285 1044 322 1084; x_wconf 83' lang='lat'>7.</span> <span class='ocrx_word' id='word_1_104' title='bbox 347 1042 395 1086; x_wconf 92' lang='lat' dir='ltr'>S.</span> <span class='ocrx_word' id='word_1_105' title='bbox 422 1042 701 1086; x_wconf 77' lang='lat' dir='ltr'>arvensis</span> <span class='ocrx_word' id='word_1_106' title='bbox 727 1041 793 1097; x_wconf 83' lang='lat' dir='ltr'>(L.</span> <span class='ocrx_word' id='word_1_107' title='bbox 821 1041 894 1096; x_wconf 87' lang='lat' dir='ltr'>Sp.</span> <span class='ocrx_word' id='word_1_108' title='bbox 928 1042 1058 1096; x_wconf 82' lang='lat'>1116)</span> <span class='ocrx_word' id='word_1_109' title='bbox 1088 1040 1233 1083; x_wconf 81' lang='lat' dir='ltr'>radice</span> <span class='ocrx_word' id='word_1_110' title='bbox 1260 1043 1442 1094; x_wconf 90' lang='lat' dir='ltr'>repente</span> <span class='ocrx_word' id='word_1_111' title='bbox 1474 1052 1665 1094; x_wconf 88' lang='lat' dir='ltr'>gemmas</span> <span class='ocrx_word' id='word_1_112' title='bbox 1695 1042 1927 1085; x_wconf 88' lang='lat' dir='ltr'>cauliferas</span> 
     </span>
     <span class='ocr_line' id='line_1_15' title="bbox 223 1099 1927 1156; baseline 0 -12"><span class='ocrx_word' id='word_1_113' title='bbox 223 1102 393 1152; x_wconf 84' lang='lat' dir='ltr'>edente,</span> <span class='ocrx_word' id='word_1_114' title='bbox 416 1102 538 1145; x_wconf 90' lang='lat' dir='ltr'>caule</span> <span class='ocrx_word' id='word_1_115' title='bbox 559 1101 670 1143; x_wconf 91' lang='lat' dir='ltr'>elato</span> <span class='ocrx_word' id='word_1_116' title='bbox 688 1113 869 1156; x_wconf 90' lang='lat' dir='ltr'>procero</span> <span class='ocrx_word' id='word_1_117' title='bbox 887 1100 1158 1153; x_wconf 88' lang='lat' dir='ltr'>subsimplici</span> <span class='ocrx_word' id='word_1_118' title='bbox 1175 1099 1295 1153; x_wconf 85' lang='lat' dir='ltr'>apice</span> <span class='ocrx_word' id='word_1_119' title='bbox 1312 1099 1927 1154; x_wconf 88' lang='lat' dir='ltr'>subumbellato-corymboso,</span> 
     </span>
     <span class='ocr_line' id='line_1_16' title="bbox 224 1159 1927 1214; baseline 0 -11"><span class='ocrx_word' id='word_1_120' title='bbox 224 1161 333 1203; x_wconf 82' lang='lat' dir='ltr'>l&#39;oliis</span> <span class='ocrx_word' id='word_1_121' title='bbox 366 1161 825 1214; x_wconf 86' lang='lat' dir='ltr'>oblongo-lanceolatis</span> <span class='ocrx_word' id='word_1_122' title='bbox 849 1160 894 1201; x_wconf 89' lang='lat' dir='ltr'>in</span> <span class='ocrx_word' id='word_1_123' title='bbox 920 1159 1096 1202; x_wconf 87' lang='lat' dir='ltr'>lacinias</span> <span class='ocrx_word' id='word_1_124' title='bbox 1123 1170 1284 1213; x_wconf 86' lang='lat' dir='ltr'>paucas</span> <span class='ocrx_word' id='word_1_125' title='bbox 1310 1161 1528 1201; x_wconf 86' lang='lat' dir='ltr'>retrorsas</span> <span class='ocrx_word' id='word_1_126' title='bbox 1553 1159 1765 1203; x_wconf 77' lang='lat' dir='ltr'>distantes</span> <span class='ocrx_word' id='word_1_127' title='bbox 1793 1161 1927 1203; x_wconf 83' lang='lat' dir='ltr'>trian-</span> 
     </span>
     <span class='ocr_line' id='line_1_17' title="bbox 222 1217 1925 1274; baseline 0 -12"><span class='ocrx_word' id='word_1_128' title='bbox 222 1221 397 1274; x_wconf 77' lang='lat' dir='ltr'>gulares</span> <span class='ocrx_word' id='word_1_129' title='bbox 420 1219 705 1263; x_wconf 82' lang='lat' dir='ltr'>denticulatas</span> <span class='ocrx_word' id='word_1_130' title='bbox 729 1219 1053 1273; x_wconf 82' lang='lat' dir='ltr'>pinnatilobatis</span> <span class='ocrx_word' id='word_1_131' title='bbox 1073 1218 1354 1261; x_wconf 79' lang='lat' dir='ltr'>inferioribus</span> <span class='ocrx_word' id='word_1_132' title='bbox 1373 1217 1465 1260; x_wconf 89' lang='lat' dir='ltr'>basi</span> <span class='ocrx_word' id='word_1_133' title='bbox 1484 1219 1719 1260; x_wconf 83' lang='lat' dir='ltr'>attenuatis</span> <span class='ocrx_word' id='word_1_134' title='bbox 1742 1220 1925 1262; x_wconf 81' lang='lat' dir='ltr'>caulinis</span> 
     </span>
     <span class='ocr_line' id='line_1_18' title="bbox 227 1276 1927 1333; baseline 0 -12"><span class='ocrx_word' id='word_1_135' title='bbox 227 1279 315 1322; x_wconf 84' lang='lat' dir='ltr'>basi</span> <span class='ocrx_word' id='word_1_136' title='bbox 339 1279 528 1322; x_wconf 82' lang='lat' dir='ltr'>cordatis</span> <span class='ocrx_word' id='word_1_137' title='bbox 552 1279 762 1322; x_wconf 81' lang='lat' dir='ltr'>auriculis</span> <span class='ocrx_word' id='word_1_138' title='bbox 789 1279 1014 1333; x_wconf 89' lang='lat' dir='ltr'>adpressis</span> <span class='ocrx_word' id='word_1_139' title='bbox 1046 1277 1306 1329; x_wconf 86' lang='lat' dir='ltr'>rotundatis,</span> <span class='ocrx_word' id='word_1_140' title='bbox 1330 1276 1443 1319; x_wconf 88' lang='lat' dir='ltr'>foliis</span> <span class='ocrx_word' id='word_1_141' title='bbox 1473 1278 1659 1320; x_wconf 89' lang='lat' dir='ltr'>summis</span> <span class='ocrx_word' id='word_1_142' title='bbox 1691 1278 1927 1321; x_wconf 87' lang='lat' dir='ltr'>linearibus</span> 
     </span>
     <span class='ocr_line' id='line_1_19' title="bbox 226 1336 1926 1392; baseline 0 -13"><span class='ocrx_word' id='word_1_143' title='bbox 226 1339 422 1392; x_wconf 82' lang='lat' dir='ltr'>integris,</span> <span class='ocrx_word' id='word_1_144' title='bbox 453 1338 654 1391; x_wconf 88' lang='lat' dir='ltr'>capitulis</span> <span class='ocrx_word' id='word_1_145' title='bbox 693 1338 962 1391; x_wconf 73' lang='lat' dir='ltr'>majusculis</span> <span class='ocrx_word' id='word_1_146' title='bbox 995 1336 1254 1391; x_wconf 85' lang='lat' dir='ltr'>pedunculis</span> <span class='ocrx_word' id='word_1_147' title='bbox 1295 1339 1338 1378; x_wconf 83' lang='lat' dir='ltr'>et</span> <span class='ocrx_word' id='word_1_148' title='bbox 1373 1336 1612 1379; x_wconf 88' lang='lat' dir='ltr'>involucris</span> <span class='ocrx_word' id='word_1_149' title='bbox 1651 1337 1926 1390; x_wconf 81' lang='lat' dir='ltr'>glanduloso-</span> 
     </span>
     <span class='ocr_line' id='line_1_20' title="bbox 222 1395 1925 1451; baseline -0.001 -11"><span class='ocrx_word' id='word_1_150' title='bbox 222 1397 379 1440; x_wconf 87' lang='lat' dir='ltr'>setosis</span> <span class='ocrx_word' id='word_1_151' title='bbox 406 1397 562 1451; x_wconf 80' lang='lat' dir='ltr'>phyllis</span> <span class='ocrx_word' id='word_1_152' title='bbox 593 1397 840 1440; x_wconf 79' lang='lat' dir='ltr'>lanceolatis</span> <span class='ocrx_word' id='word_1_153' title='bbox 864 1396 1045 1446; x_wconf 72' lang='lat' dir='ltr'>obtusis,</span> <span class='ocrx_word' id='word_1_154' title='bbox 1067 1396 1258 1438; x_wconf 86' lang='lat' dir='ltr'>acheniis</span> <span class='ocrx_word' id='word_1_155' title='bbox 1279 1395 1491 1438; x_wconf 89' lang='lat' dir='ltr'>brunneis</span> <span class='ocrx_word' id='word_1_156' title='bbox 1517 1396 1717 1449; x_wconf 87' lang='lat' dir='ltr'>ellipticis</span> <span class='ocrx_word' id='word_1_157' title='bbox 1742 1401 1925 1450; x_wconf 79' lang='lat' dir='ltr'>anguste</span> 
     </span>
     <span class='ocr_line' id='line_1_21' title="bbox 222 1454 1922 1510; baseline 0 -12"><span class='ocrx_word' id='word_1_158' title='bbox 222 1460 421 1498; x_wconf 90' lang='lat' dir='ltr'>etcrasse</span> <span class='ocrx_word' id='word_1_159' title='bbox 434 1457 689 1509; x_wconf 85' lang='lat' dir='ltr'>marginatis</span> <span class='ocrx_word' id='word_1_160' title='bbox 708 1469 799 1498; x_wconf 88' lang='lat' dir='ltr'>com</span> <span class='ocrx_word' id='word_1_161' title='bbox 807 1455 1306 1509; x_wconf 75' lang='lat' dir='ltr'>p1¹esso-subteti·agonis</span> <span class='ocrx_word' id='word_1_162' title='bbox 1319 1454 1527 1508; x_wconf 83' lang='lat' dir='ltr'>utrinque</span> <span class='ocrx_word' id='word_1_163' title='bbox 1544 1467 1691 1498; x_wconf 88' lang='lat' dir='ltr'>crasse</span> <span class='ocrx_word' id='word_1_164' title='bbox 1707 1455 1922 1510; x_wconf 86' lang='lat' dir='ltr'>quinque-</span> 
     </span>
     <span class='ocr_line' id='line_1_22' title="bbox 223 1513 1630 1568; baseline -0.002 -11"><span class='ocrx_word' id='word_1_165' title='bbox 223 1516 399 1558; x_wconf 81' lang='lat' dir='ltr'>costatis</span> <span class='ocrx_word' id='word_1_166' title='bbox 426 1515 557 1557; x_wconf 79' lang='lat' dir='ltr'>costiS</span> <span class='ocrx_word' id='word_1_167' title='bbox 578 1519 834 1558; x_wconf 85' lang='lat' dir='ltr'>transverse</span> <span class='ocrx_word' id='word_1_168' title='bbox 863 1515 1083 1568; x_wconf 86' lang='lat' dir='ltr'>rugulosis</span> <span class='ocrx_word' id='word_1_169' title='bbox 1121 1521 1179 1561; x_wconf 61' lang='lat'>26.</span> <span class='ocrx_word' id='word_1_170' title='bbox 1210 1515 1264 1556; x_wconf 88' lang='lat' dir='ltr'>Ic.</span> <span class='ocrx_word' id='word_1_171' title='bbox 1291 1513 1424 1555; x_wconf 78' lang='lat' dir='ltr'>Rchh.</span> <span class='ocrx_word' id='word_1_172' title='bbox 1452 1514 1535 1556; x_wconf 85' lang='lat' dir='ltr'>tab.</span> <span class='ocrx_word' id='word_1_173' title='bbox 1562 1515 1630 1556; x_wconf 83' lang='lat'>61.</span> 
     </span>
    </p>

    <p class='ocr_par' dir='ltr' id='par_1_7' title="bbox 223 1587 1922 1680">
     <span class='ocr_line' id='line_1_23' title="bbox 272 1587 1922 1634; baseline -0.002 -11"><span class='ocrx_word' id='word_1_174' title='bbox 272 1588 372 1624; x_wconf 86' lang='lat' dir='ltr'>Hab.</span> <span class='ocrx_word' id='word_1_175' title='bbox 402 1590 441 1623; x_wconf 91' lang='lat' dir='ltr'>in</span> <span class='ocrx_word' id='word_1_176' title='bbox 470 1589 586 1624; x_wconf 84' lang='lat' dir='ltr'>cultis</span> <span class='ocrx_word' id='word_1_177' title='bbox 617 1588 817 1634; x_wconf 80' lang='lat' dir='ltr'>argillosis</span> <span class='ocrx_word' id='word_1_178' title='bbox 847 1588 1036 1633; x_wconf 85' lang='lat' dir='ltr'>humidis,</span> <span class='ocrx_word' id='word_1_179' title='bbox 1063 1588 1214 1624; x_wconf 57' lang='lat' dir='ltr'>ercffi</span> <span class='ocrx_word' id='word_1_180' title='bbox 1241 1590 1278 1623; x_wconf 88' lang='lat' dir='ltr'>et</span> <span class='ocrx_word' id='word_1_181' title='bbox 1307 1587 1497 1633; x_wconf 86' lang='lat' dir='ltr'>Byzantio</span> <span class='ocrx_word' id='word_1_182' title='bbox 1530 1588 1593 1632; x_wconf 87' lang='lat' dir='ltr'>(ex</span> <span class='ocrx_word' id='word_1_183' title='bbox 1625 1587 1796 1633; x_wconf 61' lang='lat' dir='ltr'>(Simu),</span> <span class='ocrx_word' id='word_1_184' title='bbox 1813 1597 1922 1634; x_wconf 87' lang='lat' dir='ltr'>prov.</span> 
     </span>
     <span class='ocr_line' id='line_1_24' title="bbox 223 1636 968 1680; baseline -0.001 -10"><span class='ocrx_word' id='word_1_185' title='bbox 223 1636 553 1672; x_wconf 71' lang='lat' dir='ltr'>&#39;l‘ranscaucasica</span> <span class='ocrx_word' id='word_1_186' title='bbox 571 1636 743 1671; x_wconf 82' lang='lat' dir='ltr'>Talusch</span> <span class='ocrx_word' id='word_1_187' title='bbox 763 1636 968 1680; x_wconf 55' lang='lat' dir='ltr'>(c&#39;AM.)</span> 
     </span>
    </p>

    <p class='ocr_par' dir='ltr' id='par_1_8' title="bbox 223 1699 1924 1814">
     <span class='ocr_line' id='line_1_25' title="bbox 280 1699 1924 1754; baseline -0.001 -13"><span class='ocrx_word' id='word_1_188' title='bbox 280 1701 325 1754; x_wconf 75' lang='grc' dir='ltr'>β.</span> <span class='ocrx_word' id='word_1_189' title='bbox 359 1700 545 1753; x_wconf 77' lang='lat' dir='ltr'>loevipes.</span> <span class='ocrx_word' id='word_1_190' title='bbox 572 1726 627 1731; x_wconf 87' lang='lat'>—</span> <span class='ocrx_word' id='word_1_191' title='bbox 651 1701 844 1743; x_wconf 83' lang='lat' dir='ltr'>Achenia</span> <span class='ocrx_word' id='word_1_192' title='bbox 871 1704 914 1743; x_wconf 88' lang='lat' dir='ltr'>et</span> <span class='ocrx_word' id='word_1_193' title='bbox 936 1700 1172 1754; x_wconf 87' lang='lat' dir='ltr'>pedunculi</span> <span class='ocrx_word' id='word_1_194' title='bbox 1195 1699 1358 1754; x_wconf 84' lang='lat' dir='ltr'>glabra.</span> <span class='ocrx_word' id='word_1_195' title='bbox 1392 1723 1447 1729; x_wconf 92' lang='lat'>-</span> <span class='ocrx_word' id='word_1_196' title='bbox 1474 1699 1513 1742; x_wconf 89' lang='lat' dir='ltr'>S.</span> <span class='ocrx_word' id='word_1_197' title='bbox 1543 1699 1790 1752; x_wconf 58' lang='lat' dir='ltr'>uliginosus</span> <span class='ocrx_word' id='word_1_198' title='bbox 1820 1699 1924 1742; x_wconf 77' lang='grc' dir='ltr'>ΜΒ.</span> 
     </span>
     <span class='ocr_line' id='line_1_26' title="bbox 223 1760 784 1814; baseline 0 -13"><span class='ocrx_word' id='word_1_199' title='bbox 223 1760 353 1803; x_wconf 90' lang='lat' dir='ltr'>Taur.</span> <span class='ocrx_word' id='word_1_200' title='bbox 383 1760 510 1802; x_wconf 83' lang='lat' dir='ltr'>Cane.</span> <span class='ocrx_word' id='word_1_201' title='bbox 540 1760 594 1811; x_wconf 86' lang='lat' dir='ltr'>Il,</span> <span class='ocrx_word' id='word_1_202' title='bbox 622 1773 660 1814; x_wconf 90' lang='lat' dir='ltr'>p.</span> <span class='ocrx_word' id='word_1_203' title='bbox 688 1762 784 1802; x_wconf 69' lang='lat'>238.</span> 
     </span>
    </p>

    <p class='ocr_par' dir='ltr' id='par_1_9' title="bbox 268 1824 1924 1871">
     <span class='ocr_line' id='line_1_27' title="bbox 268 1824 1924 1871; baseline -0.003 -9"><span class='ocrx_word' id='word_1_204' title='bbox 268 1827 369 1862; x_wconf 88' lang='lat' dir='ltr'>Hab.</span> <span class='ocrx_word' id='word_1_205' title='bbox 390 1828 428 1862; x_wconf 87' lang='lat' dir='ltr'>in</span> <span class='ocrx_word' id='word_1_206' title='bbox 446 1828 633 1862; x_wconf 70' lang='lat' dir='ltr'>Armeni-:t</span> <span class='ocrx_word' id='word_1_207' title='bbox 646 1827 696 1862; x_wconf 85' lang='lat' dir='ltr'>ad</span> <span class='ocrx_word' id='word_1_208' title='bbox 707 1827 889 1862; x_wconf 85' lang='lat' dir='ltr'>Erzerum</span> <span class='ocrx_word' id='word_1_209' title='bbox 902 1826 1018 1871; x_wconf 84' lang='lat' dir='ltr'>(Calv</span> <span class='ocrx_word' id='word_1_210' title='bbox 1028 1828 1052 1871; x_wconf 81' lang='lat' dir='ltr'>l)</span> <span class='ocrx_word' id='word_1_211' title='bbox 1068 1826 1214 1862; x_wconf 71' lang='lat' dir='ltr'>Tauria</span> <span class='ocrx_word' id='word_1_212' title='bbox 1225 1827 1261 1861; x_wconf 89' lang='lat' dir='ltr'>et</span> <span class='ocrx_word' id='word_1_213' title='bbox 1274 1825 1450 1861; x_wconf 82' lang='lat' dir='ltr'>Caucaso</span> <span class='ocrx_word' id='word_1_214' title='bbox 1465 1825 1592 1870; x_wconf 70' lang='lat' dir='ltr'>(MR,</span> <span class='ocrx_word' id='word_1_215' title='bbox 1604 1824 1719 1869; x_wconf 79' lang='lat' dir='ltr'>Stev.,</span> <span class='ocrx_word' id='word_1_216' title='bbox 1731 1825 1871 1861; x_wconf 88' lang='lat' dir='ltr'>Hohen</span> <span class='ocrx_word' id='word_1_217' title='bbox 1884 1827 1924 1860; x_wconf 63' lang='grc'>11.</span> 
     </span>
    </p>
   </div>
   <div class='ocr_carea' id='block_1_6' title="bbox 220 1881 1927 2025">
    <p class='ocr_par' dir='ltr' id='par_1_10' title="bbox 220 1881 1927 2025">
     <span class='ocr_line' id='line_1_28' title="bbox 267 1881 1927 1930; baseline -0.002 -11"><span class='ocrx_word' id='word_1_218' title='bbox 267 1885 330 1919; x_wconf 84' lang='lat' dir='ltr'>Ar.</span> <span class='ocrx_word' id='word_1_219' title='bbox 354 1883 485 1929; x_wconf 74' lang='lat' dir='ltr'>Geoqr.</span> <span class='ocrx_word' id='word_1_220' title='bbox 504 1883 661 1930; x_wconf 84' lang='lat' dir='ltr'>Europa</span> <span class='ocrx_word' id='word_1_221' title='bbox 689 1884 817 1919; x_wconf 84' lang='lat' dir='ltr'>omnis</span> <span class='ocrx_word' id='word_1_222' title='bbox 845 1882 1013 1918; x_wconf 79' lang='lat' dir='ltr'>borealis</span> <span class='ocrx_word' id='word_1_223' title='bbox 1038 1885 1074 1918; x_wconf 87' lang='lat' dir='ltr'>et</span> <span class='ocrx_word' id='word_1_224' title='bbox 1100 1882 1228 1918; x_wconf 84' lang='lat' dir='ltr'>media</span> <span class='ocrx_word' id='word_1_225' title='bbox 1259 1882 1309 1917; x_wconf 86' lang='lat' dir='ltr'>ad</span> <span class='ocrx_word' id='word_1_226' title='bbox 1336 1881 1481 1927; x_wconf 74' lang='lat' dir='ltr'>Anglia</span> <span class='ocrx_word' id='word_1_227' title='bbox 1514 1884 1550 1917; x_wconf 86' lang='lat' dir='ltr'>et</span> <span class='ocrx_word' id='word_1_228' title='bbox 1584 1881 1848 1917; x_wconf 78' lang='lat' dir='ltr'>Scandinavia</span> <span class='ocrx_word' id='word_1_229' title='bbox 1877 1881 1927 1916; x_wconf 80' lang='lat' dir='ltr'>ad</span> 
     </span>
     <span class='ocr_line' id='line_1_29' title="bbox 221 1927 1925 1977; baseline -0.002 -11"><span class='ocrx_word' id='word_1_230' title='bbox 221 1931 401 1966; x_wconf 78' lang='lat' dir='ltr'>Rossiam</span> <span class='ocrx_word' id='word_1_231' title='bbox 428 1931 789 1977; x_wconf 82' lang='lat' dir='ltr'>septentrionalem,</span> <span class='ocrx_word' id='word_1_232' title='bbox 819 1930 1011 1977; x_wconf 76' lang='lat' dir='ltr'>Hispania</span> <span class='ocrx_word' id='word_1_233' title='bbox 1039 1933 1077 1965; x_wconf 85' lang='lat' dir='ltr'>et</span> <span class='ocrx_word' id='word_1_234' title='bbox 1110 1930 1221 1965; x_wconf 72' lang='lat' dir='ltr'>Italia</span> <span class='ocrx_word' id='word_1_235' title='bbox 1250 1928 1391 1965; x_wconf 87' lang='lat' dir='ltr'>mediis</span> <span class='ocrx_word' id='word_1_236' title='bbox 1423 1929 1473 1964; x_wconf 81' lang='lat' dir='ltr'>ad</span> <span class='ocrx_word' id='word_1_237' title='bbox 1498 1929 1753 1973; x_wconf 81' lang='lat' dir='ltr'>Dalmatiam,</span> <span class='ocrx_word' id='word_1_238' title='bbox 1781 1927 1925 1964; x_wconf 80' lang='lat' dir='ltr'>Sibiria</span> 
     </span>
     <span class='ocr_line' id='line_1_30' title="bbox 220 1978 904 2025; baseline -0.003 -12"><span class='ocrx_word' id='word_1_239' title='bbox 220 1978 362 2023; x_wconf 89' lang='lat' dir='ltr'>omnis,</span> <span class='ocrx_word' id='word_1_240' title='bbox 378 1979 559 2025; x_wconf 84' lang='lat' dir='ltr'>Japonia,</span> <span class='ocrx_word' id='word_1_241' title='bbox 574 1979 706 2014; x_wconf 75' lang='lat' dir='ltr'>Africa</span> <span class='ocrx_word' id='word_1_242' title='bbox 725 1978 904 2013; x_wconf 56' lang='lat' dir='ltr'>borealis.</span> 
     </span>
    </p>
   </div>
   <div class='ocr_carea' id='block_1_7' title="bbox 219 2091 1925 2785">
    <p class='ocr_par' dir='ltr' id='par_1_11' title="bbox 219 2091 1925 2785">
     <span class='ocr_line' id='line_1_31' title="bbox 280 2091 1924 2147; baseline -0.001 -13"><span class='ocrx_word' id='word_1_243' title='bbox 280 2094 318 2134; x_wconf 74' lang='lat'>8.</span> <span class='ocrx_word' id='word_1_244' title='bbox 355 2091 404 2135; x_wconf 85' lang='lat' dir='ltr'>S.</span> <span class='ocrx_word' id='word_1_245' title='bbox 432 2093 726 2146; x_wconf 69' lang='lat' dir='ltr'>palustris.</span> <span class='ocrx_word' id='word_1_246' title='bbox 756 2092 822 2147; x_wconf 77' lang='lat' dir='ltr'>(L.</span> <span class='ocrx_word' id='word_1_247' title='bbox 850 2093 920 2145; x_wconf 81' lang='lat' dir='ltr'>Sp.</span> <span class='ocrx_word' id='word_1_248' title='bbox 958 2092 1088 2146; x_wconf 68' lang='lat'>1116)</span> <span class='ocrx_word' id='word_1_249' title='bbox 1122 2092 1263 2134; x_wconf 86' lang='lat' dir='ltr'>radice</span> <span class='ocrx_word' id='word_1_250' title='bbox 1293 2091 1484 2134; x_wconf 86' lang='lat' dir='ltr'>verticali</span> <span class='ocrx_word' id='word_1_251' title='bbox 1523 2091 1642 2134; x_wconf 82' lang='lat' dir='ltr'>brevi</span> <span class='ocrx_word' id='word_1_252' title='bbox 1672 2091 1924 2145; x_wconf 83' lang='lat' dir='ltr'>pluricipiti‚</span> 
     </span>
     <span class='ocr_line' id='line_1_32' title="bbox 222 2150 1923 2205; baseline -0.001 -12"><span class='ocrx_word' id='word_1_253' title='bbox 222 2152 418 2193; x_wconf 82' lang='lat' dir='ltr'>caulibus</span> <span class='ocrx_word' id='word_1_254' title='bbox 434 2152 592 2195; x_wconf 88' lang='lat' dir='ltr'>crassis</span> <span class='ocrx_word' id='word_1_255' title='bbox 615 2152 738 2194; x_wconf 83' lang='lat' dir='ltr'>valde</span> <span class='ocrx_word' id='word_1_256' title='bbox 764 2152 885 2194; x_wconf 90' lang='lat' dir='ltr'>elatis</span> <span class='ocrx_word' id='word_1_257' title='bbox 907 2151 1180 2204; x_wconf 80' lang='lat' dir='ltr'>simplicibus</span> <span class='ocrx_word' id='word_1_258' title='bbox 1202 2151 1321 2205; x_wconf 89' lang='lat' dir='ltr'>apice</span> <span class='ocrx_word' id='word_1_259' title='bbox 1343 2151 1485 2204; x_wconf 88' lang='lat' dir='ltr'>ample</span> <span class='ocrx_word' id='word_1_260' title='bbox 1504 2156 1545 2193; x_wconf 84' lang='lat' dir='ltr'>ct</span> <span class='ocrx_word' id='word_1_261' title='bbox 1570 2150 1923 2192; x_wconf 78' lang='lat' dir='ltr'>subumbellatini</span> 
     </span>
     <span class='ocr_line' id='line_1_33' title="bbox 222 2209 1923 2265; baseline -0.001 -14"><span class='ocrx_word' id='word_1_262' title='bbox 222 2211 493 2263; x_wconf 70' lang='lat' dir='ltr'>corymbosis</span> <span class='ocrx_word' id='word_1_263' title='bbox 517 2211 684 2253; x_wconf 75' lang='lat' dir='ltr'>inferne</span> <span class='ocrx_word' id='word_1_264' title='bbox 702 2211 864 2264; x_wconf 83' lang='lat' dir='ltr'>glabris</span> <span class='ocrx_word' id='word_1_265' title='bbox 889 2211 1050 2253; x_wconf 80' lang='lat' dir='ltr'>foliosis</span> <span class='ocrx_word' id='word_1_266' title='bbox 1069 2222 1262 2265; x_wconf 84' lang='lat' dir='ltr'>superne</span> <span class='ocrx_word' id='word_1_267' title='bbox 1280 2221 1378 2252; x_wconf 80' lang='lat' dir='ltr'>cuni</span> <span class='ocrx_word' id='word_1_268' title='bbox 1401 2209 1725 2252; x_wconf 69' lang='lat' dir='ltr'>inlini-escentia</span> <span class='ocrx_word' id='word_1_269' title='bbox 1747 2209 1923 2262; x_wconf 75' lang='lat' dir='ltr'>glandu-</span> 
     </span>
     <span class='ocr_line' id='line_1_34' title="bbox 225 2268 1925 2324; baseline 0 -15"><span class='ocrx_word' id='word_1_270' title='bbox 225 2269 504 2322; x_wconf 85' lang='lat' dir='ltr'>loso-pilosis,</span> <span class='ocrx_word' id='word_1_271' title='bbox 528 2270 642 2312; x_wconf 86' lang='lat' dir='ltr'>foliis</span> <span class='ocrx_word' id='word_1_272' title='bbox 663 2271 708 2312; x_wconf 89' lang='lat' dir='ltr'>in</span> <span class='ocrx_word' id='word_1_273' title='bbox 737 2270 912 2311; x_wconf 81' lang='lat' dir='ltr'>lacinias</span> <span class='ocrx_word' id='word_1_274' title='bbox 940 2270 1145 2324; x_wconf 85' lang='lat' dir='ltr'>utrinque</span> <span class='ocrx_word' id='word_1_275' title='bbox 1181 2270 1246 2319; x_wconf 71' lang='lat' dir='ltr'>l-2</span> <span class='ocrx_word' id='word_1_276' title='bbox 1275 2271 1493 2311; x_wconf 86' lang='lat' dir='ltr'>retrorsas</span> <span class='ocrx_word' id='word_1_277' title='bbox 1519 2269 1641 2321; x_wconf 78' lang='lat' dir='ltr'>louge</span> <span class='ocrx_word' id='word_1_278' title='bbox 1668 2268 1925 2311; x_wconf 77' lang='lat' dir='ltr'>lanceolatas</span> 
     </span>
     <span class='ocr_line' id='line_1_35' title="bbox 224 2328 1925 2383; baseline 0 -15"><span class='ocrx_word' id='word_1_279' title='bbox 224 2328 500 2381; x_wconf 72' lang='lat' dir='ltr'>subintegras</span> <span class='ocrx_word' id='word_1_280' title='bbox 541 2328 1062 2383; x_wconf 68' lang='lat' dir='ltr'>runcinam-pinnatifidis</span> <span class='ocrx_word' id='word_1_281' title='bbox 1105 2329 1256 2372; x_wconf 76' lang='lat' dir='ltr'>lacinia</span> <span class='ocrx_word' id='word_1_282' title='bbox 1293 2328 1512 2370; x_wconf 87' lang='lat' dir='ltr'>terminali</span> <span class='ocrx_word' id='word_1_283' title='bbox 1556 2328 1772 2380; x_wconf 81' lang='lat' dir='ltr'>longiore,</span> <span class='ocrx_word' id='word_1_284' title='bbox 1812 2328 1925 2369; x_wconf 80' lang='lat' dir='ltr'>foliis</span> 
     </span>
     <span class='ocr_line' id='line_1_36' title="bbox 223 2386 1924 2441; baseline -0.001 -14"><span class='ocrx_word' id='word_1_285' title='bbox 223 2387 407 2429; x_wconf 80' lang='lat' dir='ltr'>caulinis</span> <span class='ocrx_word' id='word_1_286' title='bbox 450 2387 539 2429; x_wconf 82' lang='lat' dir='ltr'>basi</span> <span class='ocrx_word' id='word_1_287' title='bbox 585 2389 798 2441; x_wconf 81' lang='lat' dir='ltr'>sagittatis</span> <span class='ocrx_word' id='word_1_288' title='bbox 838 2388 1047 2430; x_wconf 72' lang='lat' dir='ltr'>auriculis</span> <span class='ocrx_word' id='word_1_289' title='bbox 1086 2388 1224 2441; x_wconf 88' lang='lat' dir='ltr'>longis</span> <span class='ocrx_word' id='word_1_290' title='bbox 1256 2390 1395 2430; x_wconf 88' lang='lat' dir='ltr'>acutis</span> <span class='ocrx_word' id='word_1_291' title='bbox 1433 2386 1776 2440; x_wconf 76' lang='lat' dir='ltr'>diver-gentibus,</span> <span class='ocrx_word' id='word_1_292' title='bbox 1813 2387 1924 2428; x_wconf 77' lang='lat' dir='ltr'>foliis</span> 
     </span>
     <span class='ocr_line' id='line_1_37' title="bbox 222 2446 1924 2500; baseline -0.001 -13"><span class='ocrx_word' id='word_1_293' title='bbox 222 2446 526 2499; x_wconf 85' lang='lat' dir='ltr'>superioribus</span> <span class='ocrx_word' id='word_1_294' title='bbox 564 2447 789 2490; x_wconf 82' lang='lat' dir='ltr'>indivisis.</span> <span class='ocrx_word' id='word_1_295' title='bbox 828 2447 1030 2500; x_wconf 84' lang='lat' dir='ltr'>capitulis</span> <span class='ocrx_word' id='word_1_296' title='bbox 1072 2446 1391 2499; x_wconf 78' lang='lat' dir='ltr'>mediocribus,</span> <span class='ocrx_word' id='word_1_297' title='bbox 1424 2446 1637 2488; x_wconf 86' lang='lat' dir='ltr'>involucri</span> <span class='ocrx_word' id='word_1_298' title='bbox 1673 2446 1924 2499; x_wconf 78' lang='lat' dir='ltr'>nigricantis</span> 
     </span>
     <span class='ocr_line' id='line_1_38' title="bbox 223 2505 1924 2560; baseline 0 -15"><span class='ocrx_word' id='word_1_299' title='bbox 223 2505 354 2546; x_wconf 81' lang='lat' dir='ltr'>dense</span> <span class='ocrx_word' id='word_1_300' title='bbox 381 2506 763 2558; x_wconf 77' lang='lat' dir='ltr'>glanduloso—liirti</span> <span class='ocrx_word' id='word_1_301' title='bbox 793 2506 951 2560; x_wconf 79' lang='lat' dir='ltr'>phyllis</span> <span class='ocrx_word' id='word_1_302' title='bbox 981 2507 1228 2549; x_wconf 84' lang='lat' dir='ltr'>lanceolatis</span> <span class='ocrx_word' id='word_1_303' title='bbox 1261 2506 1588 2548; x_wconf 85' lang='lat' dir='ltr'>obtusiusculis.</span> <span class='ocrx_word' id='word_1_304' title='bbox 1618 2505 1808 2546; x_wconf 80' lang='lat' dir='ltr'>acheniis</span> <span class='ocrx_word' id='word_1_305' title='bbox 1834 2505 1924 2559; x_wconf 89' lang='lat' dir='ltr'>pal-</span> 
     </span>
     <span class='ocr_line' id='line_1_39' title="bbox 224 2563 1925 2619; baseline 0.001 -15"><span class='ocrx_word' id='word_1_306' title='bbox 224 2563 320 2605; x_wconf 82' lang='lat' dir='ltr'>lidis</span> <span class='ocrx_word' id='word_1_307' title='bbox 345 2565 769 2619; x_wconf 77' lang='lat' dir='ltr'>elongato-cllipticis</span> <span class='ocrx_word' id='word_1_308' title='bbox 789 2567 1140 2619; x_wconf 84' lang='lat' dir='ltr'>subcompressis</span> <span class='ocrx_word' id='word_1_309' title='bbox 1165 2566 1371 2619; x_wconf 78' lang='lat' dir='ltr'>utrinque</span> <span class='ocrx_word' id='word_1_310' title='bbox 1389 2576 1536 2607; x_wconf 83' lang='lat' dir='ltr'>crasse</span> <span class='ocrx_word' id='word_1_311' title='bbox 1560 2569 1602 2605; x_wconf 83' lang='lat' dir='ltr'>et</span> <span class='ocrx_word' id='word_1_312' title='bbox 1625 2564 1779 2606; x_wconf 83' lang='lat' dir='ltr'>obtuse</span> <span class='ocrx_word' id='word_1_313' title='bbox 1804 2564 1925 2617; x_wconf 80' lang='lat' dir='ltr'>quin-</span> 
     </span>
     <span class='ocr_line' id='line_1_40' title="bbox 221 2622 1923 2677; baseline 0.001 -15"><span class='ocrx_word' id='word_1_314' title='bbox 221 2624 504 2675; x_wconf 67' lang='lat' dir='ltr'>que-costatis</span> <span class='ocrx_word' id='word_1_315' title='bbox 540 2626 670 2667; x_wconf 84' lang='lat' dir='ltr'>costis</span> <span class='ocrx_word' id='word_1_316' title='bbox 710 2624 963 2667; x_wconf 82' lang='lat' dir='ltr'>lateralibus</span> <span class='ocrx_word' id='word_1_317' title='bbox 998 2625 1360 2677; x_wconf 69' lang='lat' dir='ltr'>mai-ginantilms,</span> <span class='ocrx_word' id='word_1_318' title='bbox 1401 2624 1539 2665; x_wconf 76' lang='lat' dir='ltr'>modia</span> <span class='ocrx_word' id='word_1_319' title='bbox 1578 2622 1698 2664; x_wconf 83' lang='lat' dir='ltr'>faciei</span> <span class='ocrx_word' id='word_1_320' title='bbox 1740 2624 1923 2665; x_wconf 68' lang='lat' dir='ltr'>interme</span> 
     </span>
     <span class='ocr_line' id='line_1_41' title="bbox 220 2681 1922 2735; baseline -0.001 -12"><span class='ocrx_word' id='word_1_321' title='bbox 220 2682 430 2723; x_wconf 74' lang='lat' dir='ltr'>cariuauli</span> <span class='ocrx_word' id='word_1_322' title='bbox 462 2684 665 2726; x_wconf 87' lang='lat' dir='ltr'>omuibus</span> <span class='ocrx_word' id='word_1_323' title='bbox 699 2689 952 2727; x_wconf 83' lang='lat' dir='ltr'>transverse</span> <span class='ocrx_word' id='word_1_324' title='bbox 981 2685 1240 2726; x_wconf 85' lang='lat' dir='ltr'>tenuissime</span> <span class='ocrx_word' id='word_1_325' title='bbox 1268 2683 1490 2735; x_wconf 87' lang='lat' dir='ltr'>rugulosis</span> <span class='ocrx_word' id='word_1_326' title='bbox 1529 2688 1587 2729; x_wconf 62' lang='lat'>35.</span> <span class='ocrx_word' id='word_1_327' title='bbox 1624 2681 1677 2724; x_wconf 85' lang='lat' dir='ltr'>Ic.</span> <span class='ocrx_word' id='word_1_328' title='bbox 1718 2682 1776 2724; x_wconf 87' lang='lat' dir='ltr'>Fl.</span> <span class='ocrx_word' id='word_1_329' title='bbox 1815 2681 1922 2724; x_wconf 87' lang='lat' dir='ltr'>Dan.</span> 
     </span>
     <span class='ocr_line' id='line_1_42' title="bbox 219 2740 901 2785; baseline 0.003 -3"><span class='ocrx_word' id='word_1_330' title='bbox 219 2740 301 2782; x_wconf 76' lang='lat' dir='ltr'>lah.</span> <span class='ocrx_word' id='word_1_331' title='bbox 337 2743 456 2783; x_wconf 79' lang='lat'><strong>1¹09.</strong></span> <span class='ocrx_word' id='word_1_332' title='bbox 491 2768 532 2771; x_wconf 70' lang='lat'>-—</span> <span class='ocrx_word' id='word_1_333' title='bbox 558 2743 691 2785; x_wconf 87' lang='lat' dir='ltr'>Rchb.</span> <span class='ocrx_word' id='word_1_334' title='bbox 722 2743 806 2785; x_wconf 84' lang='lat' dir='ltr'>tab.</span> <span class='ocrx_word' id='word_1_335' title='bbox 832 2744 901 2785; x_wconf 65' lang='lat'>602.</span> 
     </span>
    </p>
   </div>
   <div class='ocr_carea' id='block_1_8' title="bbox 219 2807 1925 3043">
    <p class='ocr_par' dir='ltr' id='par_1_12' title="bbox 219 2807 1922 2950">
     <span class='ocr_line' id='line_1_43' title="bbox 267 2807 1922 2853; baseline 0.001 -13"><span class='ocrx_word' id='word_1_336' title='bbox 267 2807 366 2842; x_wconf 84' lang='lat' dir='ltr'>Hab.</span> <span class='ocrx_word' id='word_1_337' title='bbox 387 2808 426 2842; x_wconf 91' lang='lat' dir='ltr'>in</span> <span class='ocrx_word' id='word_1_338' title='bbox 446 2810 568 2853; x_wconf 79' lang='lat' dir='ltr'>pratis</span> <span class='ocrx_word' id='word_1_339' title='bbox 593 2809 764 2844; x_wconf 82' lang='lat' dir='ltr'>humidis</span> <span class='ocrx_word' id='word_1_340' title='bbox 784 2813 821 2844; x_wconf 87' lang='lat' dir='ltr'>et</span> <span class='ocrx_word' id='word_1_341' title='bbox 838 2809 889 2844; x_wconf 86' lang='lat' dir='ltr'>ad</span> <span class='ocrx_word' id='word_1_342' title='bbox 908 2809 1045 2853; x_wconf 83' lang='lat' dir='ltr'>fossas,</span> <span class='ocrx_word' id='word_1_343' title='bbox 1065 2809 1215 2844; x_wconf 65' lang='lat' dir='ltr'>Graecia</span> <span class='ocrx_word' id='word_1_344' title='bbox 1234 2809 1274 2843; x_wconf 89' lang='lat' dir='ltr'>in</span> <span class='ocrx_word' id='word_1_345' title='bbox 1294 2807 1405 2843; x_wconf 87' lang='lat' dir='ltr'>Elide</span> <span class='ocrx_word' id='word_1_346' title='bbox 1424 2807 1594 2851; x_wconf 61' lang='lat' dir='ltr'>(Sinum,</span> <span class='ocrx_word' id='word_1_347' title='bbox 1609 2807 1807 2842; x_wconf 82' lang='lat' dir='ltr'>Caucasus</span> <span class='ocrx_word' id='word_1_348' title='bbox 1827 2810 1922 2853; x_wconf 78' lang='lat' dir='ltr'>sept.</span> 
     </span>
     <span class='ocr_line' id='line_1_44' title="bbox 219 2853 1922 2901; baseline 0.001 -14"><span class='ocrx_word' id='word_1_349' title='bbox 219 2853 268 2887; x_wconf 67' lang='lat' dir='ltr'>ml</span> <span class='ocrx_word' id='word_1_350' title='bbox 287 2855 415 2889; x_wconf 83' lang='lat' dir='ltr'>rivum</span> <span class='ocrx_word' id='word_1_351' title='bbox 436 2855 569 2891; x_wconf 81' lang='lat' dir='ltr'>Malka</span> <span class='ocrx_word' id='word_1_352' title='bbox 588 2856 713 2900; x_wconf 67' lang='lat' dir='ltr'>(MR.</span> <span class='ocrx_word' id='word_1_353' title='bbox 730 2856 817 2891; x_wconf 62' lang='lat' dir='ltr'>CA.</span> <span class='ocrx_word' id='word_1_354' title='bbox 834 2857 1145 2901; x_wconf 81' lang='lat' dir='ltr'>Mey.),Georgia</span> <span class='ocrx_word' id='word_1_355' title='bbox 1157 2856 1370 2892; x_wconf 80' lang='lat' dir='ltr'>Caucasica</span> <span class='ocrx_word' id='word_1_356' title='bbox 1381 2855 1532 2899; x_wconf 60' lang='lat' dir='ltr'>(Hom,</span> <span class='ocrx_word' id='word_1_357' title='bbox 1548 2855 1735 2890; x_wconf 80' lang='lat' dir='ltr'>Kachetia</span> <span class='ocrx_word' id='word_1_358' title='bbox 1752 2855 1791 2890; x_wconf 89' lang='lat' dir='ltr'>in</span> <span class='ocrx_word' id='word_1_359' title='bbox 1811 2854 1922 2901; x_wconf 81' lang='lat' dir='ltr'>palu-</span> 
     </span>
     <span class='ocr_line' id='line_1_45' title="bbox 219 2901 1508 2950; baseline 0 -15"><span class='ocrx_word' id='word_1_360' title='bbox 219 2901 335 2936; x_wconf 83' lang='lat' dir='ltr'>dibus</span> <span class='ocrx_word' id='word_1_361' title='bbox 360 2902 461 2937; x_wconf 87' lang='lat' dir='ltr'>inter</span> <span class='ocrx_word' id='word_1_362' title='bbox 480 2903 669 2948; x_wconf 69' lang='lat' dir='ltr'>Sakately</span> <span class='ocrx_word' id='word_1_363' title='bbox 690 2907 724 2939; x_wconf 84' lang='lat' dir='ltr'>et</span> <span class='ocrx_word' id='word_1_364' title='bbox 746 2904 967 2949; x_wconf 80' lang='lat' dir='ltr'>Lagodechi</span> <span class='ocrx_word' id='word_1_365' title='bbox 987 2904 1113 2950; x_wconf 66' lang='lat' dir='ltr'>(Hupr</span> <span class='ocrx_word' id='word_1_366' title='bbox 1126 2906 1162 2948; x_wconf 82' lang='grc'>1),</span> <span class='ocrx_word' id='word_1_367' title='bbox 1183 2903 1369 2938; x_wconf 77' lang='lat' dir='ltr'>Armenia</span> <span class='ocrx_word' id='word_1_368' title='bbox 1388 2905 1432 2947; x_wconf 80' lang='lat' dir='ltr'>(D</span> <span class='ocrx_word' id='word_1_369' title='bbox 1446 2914 1508 2937; x_wconf 64' lang='grc'>(1.1.</span> 
     </span>
    </p>

    <p class='ocr_par' dir='ltr' id='par_1_13' title="bbox 220 2957 1925 3043">
     <span class='ocr_line' id='line_1_46' title="bbox 267 2957 1925 3005; baseline 0 -13"><span class='ocrx_word' id='word_1_370' title='bbox 267 2958 326 2992; x_wconf 65' lang='lat' dir='ltr'>Ar.</span> <span class='ocrx_word' id='word_1_371' title='bbox 348 2958 483 3003; x_wconf 78' lang='lat' dir='ltr'>Geoqr.</span> <span class='ocrx_word' id='word_1_372' title='bbox 513 2959 671 3005; x_wconf 78' lang='lat' dir='ltr'>Europa</span> <span class='ocrx_word' id='word_1_373' title='bbox 699 2960 829 2995; x_wconf 81' lang='lat' dir='ltr'>media</span> <span class='ocrx_word' id='word_1_374' title='bbox 860 2971 882 2995; x_wconf 87' lang='lat' dir='ltr'>a</span> <span class='ocrx_word' id='word_1_375' title='bbox 913 2960 1172 2995; x_wconf 70' lang='lat' dir='ltr'>Scandinaviu</span> <span class='ocrx_word' id='word_1_376' title='bbox 1208 2959 1477 3001; x_wconf 83' lang='lat' dir='ltr'>meridionali,</span> <span class='ocrx_word' id='word_1_377' title='bbox 1516 2958 1709 3005; x_wconf 50' lang='lat' dir='ltr'>Hispani-:1</span> <span class='ocrx_word' id='word_1_378' title='bbox 1744 2961 1781 2993; x_wconf 89' lang='lat' dir='ltr'>et</span> <span class='ocrx_word' id='word_1_379' title='bbox 1812 2957 1925 2994; x_wconf 65' lang='lat' dir='ltr'>Itali-:1</span> 
     </span>
     <span class='ocr_line' id='line_1_47' title="bbox 220 3004 837 3043; baseline 0.008 -6"><span class='ocrx_word' id='word_1_380' title='bbox 220 3004 361 3039; x_wconf 60' lang='lat' dir='ltr'>mediis</span> <span class='ocrx_word' id='word_1_381' title='bbox 382 3006 431 3040; x_wconf 81' lang='lat' dir='ltr'>ad</span> <span class='ocrx_word' id='word_1_382' title='bbox 452 3005 634 3042; x_wconf 76' lang='lat' dir='ltr'>Rossiam</span> <span class='ocrx_word' id='word_1_383' title='bbox 654 3007 837 3043; x_wconf 79' lang='lat' dir='ltr'>mediam.</span> 
     </span>
    </p>
   </div>
  </div>
 </body>
</html>
