2066 3311
81 196 223 243 Crepis.
806 196 1054 224 COMPOSITAE.
1715 189 1787 227 335

81 277 306 322 verticali‘?
332 273 586 321 multicauli,
620 272 817 315 caulibus
845 271 1004 312 erectis
1028 270 1339 322 glabriusculis
1366 271 1585 325 asperulis
1609 284 1632 313 a
1660 276 1785 325 parte

80 332 285 380 inferiore
308 336 548 377 dichotome
575 330 884 374 ramosissimis
915 329 1046 370 ramis
1075 329 1275 382 rigidulis
1300 331 1643 383 erecto-patulis,
1671 332 1785 373 foliis

80 395 293 439 viridibus
321 393 478 436 subtus
503 402 629 445 parce
652 388 1216 431 araneoso-eanoscentibus
1240 387 1443 431 omnibus
1460 390 1657 439 caulinis,
1676 391 1786 432 iufe-

79 454 271 497 rioribus
295 451 510 507 petiolatis
537 449 687 502 lyratis
710 449 935 500 segmento
955 447 1174 489 terminali
1193 448 1660 502 triangulari-oblongo
1681 449 1787 499 den-

81 517 167 556 tato
192 511 443 554 lateralibus
473 509 606 551 multo
639 506 881 549 minoribus
910 505 1443 558 triangulari-lanceolalis
1480 519 1638 549 versus
1663 507 1787 550 basin

80 572 199 614 limbi
223 569 463 617 diminutis,
484 567 596 610 foliis
624 564 897 608 intermediis
925 565 1173 607 lanceolatis
1201 565 1290 607 basi
1315 565 1459 607 sessili
1483 567 1789 620 amplexicauli

81 631 245 672 minute
268 625 729 679 auriculatis,sum1nis
754 624 992 666 linearibus
1023 624 1215 677 integris,
1246 624 1505 677 pedunculis
1535 626 1672 678 longis
1699 627 1788 679 gla-

82 689 172 732 bris
192 687 426 730 fructiferis
450 698 536 728 non
560 683 827 734 incrassatis,
852 683 1052 736 capitulis
1082 683 1387 728 mediocribus.
1414 684 1630 725 involucri
1657 685 1788 739 nigri-

80 748 218 799 cantis
257 747 333 789 sed
373 746 470 799 plus
508 744 655 786 minus
699 743 832 784 dense
875 741 1359 784 farinoso-canescentis
1402 739 1564 796 phyllis
1591 744 1788 786 externis

80 807 230 861 paucis
258 803 616 847 lineari-setaceis
653 800 901 855 subpatulis
939 802 1107 842 caeleris
1146 800 1274 854 triplo
1316 801 1584 854 longioribus
1618 802 1788 845 obtusis

81 865 275 918 margine
318 861 674 912 membranaceis,
709 859 902 902 acheniis
937 860 1069 901 fuscis
1108 859 1227 913 apice
1271 860 1607 912 subaltenuatis,
1644 873 1788 916 pappo

80 924 208 966 niveo
231 922 391 966 caduco
417 928 475 969 26.
503 920 543 963 C.
561 920 680 962 Dens
708 918 845 960 lconis
868 918 912 961 C.
940 918 1058 960 Koch
1089 917 1214 959 Linn.
1241 918 1403 967 XXllI,
1431 933 1471 973 p.
1499 920 1609 962 689!

127 1005 227 1041 Hah.
247 1006 288 1040 in
307 1003 528 1050 subalpinis
548 1005 586 1038 et
604 1002 748 1049 alpinis
767 1001 946 1043 Caucasi,
968 1000 1064 1036 ditio
1086 1000 1223 1036 Chewi
1243 1000 1300 1045 (C.
1322 1001 1431 1036 Koch
1447 1002 1487 1045 i),
1506 1001 1608 1037 inter
1626 1001 1788 1038 Kasbek

81 1054 118 1088 et
133 1052 269 1088 Dari-al
285 1051 390 1089 5000'
407 1050 550 1095 (Rehm
563 1052 600 1095 1),
619 1050 659 1085 in
679 1049 827 1085 ditione
843 1047 986 1083 Tindal
1006 1051 1041 1082 et
1064 1047 1336 1097 Daghestania
1353 1059 1474 1095 supra
1487 1048 1648 1084 Bechilo
1663 1049 1787 1085 6000’-

79 1099 178 1183 (1912ῗὲ
187 1099 379 1192 ¹)i.ftupr!),
406 1100 447 1134 in
468 1097 668 1133 Salatavia
686 1106 806 1143 prope
824 1095 991 1131 Danuch
1011 1094 1184 1137 [Oweriu
1200 1097 1238 1140 !),
1269 1098 1444 1131 Caucaso
1464 1096 1645 1132 orientali
1664 1097 1722 1142 gM
1741 1097 1787 1132 Β.

127 1218 312 1255 Radicem
331 1228 410 1254 non
428 1216 511 1253 vidi
531 1216 599 1252 sed
617 1226 664 1252 ex
688 1214 868 1251 caulibus
886 1214 975 1250 basi
996 1214 1196 1249 denudata
1222 1214 1418 1251 induratis
1436 1218 1474 1251 et
1495 1217 1684 1252 truncatis
1703 1226 1789 1252 ver-

82 1266 238 1302 ticalem
269 1269 307 1301 et
338 1264 607 1301 multicaulem
639 1273 726 1298 eam
747 1264 920 1304 autumo,
948 1262 1081 1297 caules
1112 1272 1200 1297 cum
1233 1262 1466 1308 pedunculis
1498 1264 1789 1310 1¹s2-2-pedales

82 1313 358 1357 ramosissimi‚
377 1312 473 1348 solia
490 1311 676 1346 inferiora
692 1310 757 1346 3-4
775 1309 981 1356 pollicaria
999 1312 1204 1354 segmento
1225 1310 1427 1355 superiore
1456 1311 1524 1353 1¹,s‘2
1545 1311 1636 1357 poll.
1658 1311 1791 1357 longo,

83 1360 257 1407 capitula
275 1370 406 1406 magn.
430 1358 469 1395 C.
491 1357 646 1395 biennis.
667 1357 806 1393 Affinis
827 1355 869 1393 C.
888 1355 1112 1403 oporz'noz'dz'
1126 1356 1194 1391 sed
1213 1357 1350 1403 maJor.

143 1494 183 1535 8.
218 1491 273 1535 C.
303 1492 519 1534 incana
543 1489 701 1544 (Sibth.
729 1492 772 1531 et
794 1487 881 1530 Sm.
904 1488 965 1530 Fl.
991 1487 1065 1529 Gr.
1097 1486 1174 1537 IX,
1198 1499 1238 1541 p.
1268 1489 1304 1540 1,
1327 1488 1408 1530 tab.
1434 1487 1542 1542 8032)
1566 1491 1653 1530 tota
1673 1490 1790 1543 pube

83 1550 368 1595 arachnoidea
405 1549 558 1593 setulis
598 1549 759 1604 patulis
797 1547 1006 1590 immixtis
1045 1547 1212 1598 incana,
1251 1547 1397 1589 radice
1433 1548 1645 1599 verticali,
1681 1549 1791 1591 collo

83 1622 231 1653 crasso
266 1622 498 1664 squamoso
524 1607 777 1663 pluricipiti,
799 1606 997 1649 caulibus
1020 1606 1201 1660 pumilis
1228 1608 1388 1648 crassis
1412 1620 1434 1648 a
1462 1607 1556 1648 basi
1579 1606 1790 1649 divarica-

83 1669 160 1711 tim
184 1669 316 1711 semel
336 1669 407 1711 vel
429 1667 595 1723 pluries
614 1665 882 1718 dichotomis,
902 1665 1013 1707 l'oliis
1032 1664 1292 1707 radicalibus
1315 1665 1358 1707 in
1382 1666 1590 1719 petiolum
1611 1666 1791 1709 brevem

83 1727 320 1770 attenuatis
368 1727 531 1769 ambitu
580 1724 1038 1779 oblongo-lanceolatis
1086 1724 1679 1779 runcinato-pinnatipartitis
1721 1726 1790 1768 vel

86 1786 325 1840 sublyratis
341 1786 578 1840 segmentis
597 1783 940 1838 triangularibus
956 1783 1094 1825 acutis
1116 1783 1298 1836 integris
1318 1783 1386 1826 vel
1405 1784 1595 1826 dentatis
1613 1785 1791 1827 rachide

85 1846 274 1895 dentata,
297 1845 407 1888 foliis
434 1844 616 1887 caulinis
641 1843 874 1887 sessilibus
901 1842 1309 1896 amplexicaulibus,
1332 1842 1534 1897 capitulis
1561 1843 1795 1887 mediocri-

85 1905 167 1947 bus
190 1903 450 1958 pedunculis
477 1903 615 1958 longis
637 1903 813 1945 demum
835 1901 1087 1944 incrassatis
1111 1901 1263 1954 rigidis
1286 1901 1555 1954 glandulosis
1581 1902 1788 1955 suffultis,

84 1963 302 2006 involucri
328 1962 811 2005 farinoso-canescentis
845 1960 1009 2016 phyllis
1035 1960 1277 2003 linearibus
1303 1960 1474 2003 obtusis
1500 1962 1647 2003 carina
1673 1974 1791 2016 saepe

87 2021 552 2065 setuloso-aculeolatis
594 2020 789 2064 externis
834 2020 984 2074 paucis
1026 2019 1239 2062 brevibus
1283 2019 1550 2070 laxiusculis,
1597 2021 1791 2064 flosculis

86 2082 242 2131 roseis,
269 2080 460 2124 acheniis
494 2081 621 2123 valde
648 2078 1003 2123 sulcato-striatis
1040 2090 1233 2133 superne
1266 2078 1430 2121 sensim
1456 2082 1499 2121 et
1524 2080 1649 2122 valde
1684 2083 1793 2122 atte-

86 2140 245 2202 nuatis,
271 2152 414 2195 pappo
439 2140 567 2182 niveo
593 2139 755 2189 caduco
790 2144 849 2187 25.
880 2138 921 2180 C.
948 2137 1097 2179 albida
1119 2138 1182 2180 Fl.
1205 2138 1296 2181 Pel.
1323 2150 1362 2192 p.
1390 2139 1446 2181 54
1473 2151 1560 2181 non
1585 2139 1668 2181 All.

133 2222 234 2258 Hah.
249 2222 301 2258 ad
315 2233 434 2270 rupes
447 2223 620 2269 regionis
634 2221 857 2269 subalpinae
872 2223 910 2257 et
922 2221 1068 2268 alpinae
1082 2220 1246 2257 Graeciae
1256 2220 1499 2267 4800’-60‹20‘‚
1509 2232 1622 2257 mons
1633 2221 1793 2258 Malevo

85 2268 269 2306 Laconiae
287 2272 326 2306 et
342 2280 456 2306 mons
476 2270 619 2306 Clocos
636 2270 795 2306 Achaiae
816 2267 953 2316 (Ox-ph.
971 2268 1028 2304 Fl.
1050 2268 1116 2305 Gr.
1135 2278 1216 2303 exs.
1236 2269 1355 2313 4771),
1380 2278 1496 2304 mons
1514 2269 1661 2305 Olenos
1679 2269 1791 2305 Pelo-

86 2317 253 2409 Psoiffiffii
260 2317 538 2410 Ielzff‘gssssassus
557 2316 606 2353 ad
626 2317 786 2353 Gourna
798 2316 941 2361 (Heldr
950 2318 958 2352 !
967 2317 990 2361 ),
1005 2316 1150 2352 Parnes
1162 2316 1302 2351 Atticae
1314 2315 1464 2361 (Sam),
1476 2315 1624 2363 Delphi
1642 2316 1790 2352 Eubeae

132 2426 269 2463 Facies
289 2425 327 2463 C.
346 2426 582 2464 divarz’eatoe
599 2437 622 2462 a
640 2428 719 2473 qua
736 2425 879 2462 eximie
898 2425 1029 2461 differt
1046 2425 1209 2461 floribus
1234 2425 1372 2469 roseis,
1394 2425 1500 2461 soliis
1527 2426 1696 2465 caulinis
1714 2426 1792 2462 sal-

69 2475 166 2510 ‘tem
184 2473 438 2510 inferioribus
456 2473 546 2510 basi
563 2473 723 2510 dentata
740 2472 1110 2520 amplexicaulibus‚
1128 2472 1303 2508 acheniis
1322 2472 1438 2508 valde
1458 2474 1684 2510 attenuatis.

148 2608 189 2650 9.
223 2607 279 2651 C..
315 2606 779 2656 Khorassanica‚
813 2605 1091 2659 glaucescens
1128 2605 1292 2647 minute
1329 2608 1371 2647 et
1406 2618 1535 2658 parce
1564 2606 1794 2659 puberula,

88 2665 235 2710 radice
274 2665 485 2718 verticali,
512 2665 887 2720 collocespitOSO,
915 2664 1113 2707 caulibus
1148 2665 1422 2707 brevissimis
1458 2664 1557 2706 folia
1590 2666 1794 2709 radicalia

89 2737 176 2768 non
207 2725 484 2779 aequantibus
508 2723 779 2779 simplicibus
804 2723 1171 2765 vel'divaricatim
1201 2723 1454 2765 dichotomis
1496 2725 1795 2779 1-2-cephalis,

89 2783 201 2827 foliis
225 2782 487 2826 radicalibus
514 2782 756 2826 carnosulis
781 2781 1022 2824 linearibus
1047 2782 1137 2823 basi
1161 2782 1397 2824 attenuatis
1426 2785 1669 2825 retrorsum
1691 2783 1796 2826 den-

89 2843 191 2886 tatis
218 2842 287 2884 vel
324 2841 550 2894 laciniatiS,
577 2841 748 2884 caulino
783 2841 838 2884 ad
865 2840 1167 2883 dichotomiam
1205 2840 1572 2883 lineari-iiliformi
1613 2841 1796 2896 integro,

90 2900 352 2955 pedunculis
395 2900 620 2954 elongatis,
666 2900 867 2954 capitulis
914 2899 1220 2949 mediocribus,
1271 2899 1483 2941 involucri
1523 2903 1798 2945 loinenlello-

91 2960 360 3002 canescentis
392 2959 551 3014 phyllis
582 2959 777 3001 externis
812 2959 959 3012 paucis
988 2957 1416 3000 lineari-lanceolatis
1440 2959 1578 3001 acutis
1604 2959 1796 3014 inaequa-
