2090 3291
249 243 322 282 930
927 256 1277 284 CAMPANULACEAE.
1677 249 1930 299 Campanum
1939 280 1948 288 .

250 325 439 371 calycinis
464 327 622 362 accretis
641 326 801 373 quidem
820 327 889 363 sed
907 327 1101 364 induratis
1120 329 1315 375 elongatis
1335 340 1439 376 saepe
1468 330 1721 377 pollicaribus
1748 333 1861 368 rectis
1885 343 1957 369 nec

249 371 369 419 supra
386 374 588 420 capsulam
607 375 1091 411 curvato-conniventibus
1111 377 1306 412 distincta.

309 489 466 549 8800.
506 489 836 544 sulphurea
868 489 1031 533 (Boiss
1069 490 1222 545 Diagn.
1259 492 1352 534 Ser.
1390 493 1422 546 Ι,
1463 494 1526 544 11,
1560 506 1598 546 p.
1635 493 1711 548 64)
1745 493 1953 548 adpresse

251 549 485 601 strigulosa
512 549 748 596 virescens,
776 549 973 591 caulibus
1010 562 1032 591 e
1070 550 1176 593 collo
1218 553 1231 593 1
1266 552 1331 593 vcl
1358 552 1558 605 pluribus
1596 552 1770 605 pumilis
1807 554 1955 607 patule

250 608 451 659 ramosis,
480 608 591 650 foliis
616 607 844 650 sessilibus
870 608 1078 650 brevibus
1097 609 1539 663 oblongo-linearibus
1558 612 1779 664 supremis
1798 613 1949 664 acutis,

251 668 434 710 floribus
462 667 766 710 terminalibus
794 666 987 709 breviter
1013 668 1294 722 pedicellatis,
1323 670 1480 722 calycis
1508 670 1675 713 laciniis
1704 670 1949 713 lanceolatis

250 726 533 769 acutiusculis
565 726 758 779 margine
785 729 827 767 et
861 726 914 767 ad
941 739 1126 769 nervum
1152 728 1519 781 strigoso-ciliatis
1557 733 1759 771 caeterum
1788 729 1954 782 glabris

248 785 486 828 fructiferis
524 785 830 827 rectis-conice
865 786 1197 828 conniventibus
1235 788 1307 829 vix
1338 787 1607 837 incrassatis,
1635 788 1952 841 appendicibus

249 844 389 887 ovatis
421 843 590 887 obtusis
615 843 765 886 tubum
796 856 879 885 nou
912 844 1236 894 excedentibus,
1264 847 1423 888 corolla
1457 846 1606 900 glabra
1642 847 1754 889 lutea
1782 858 1952 901 campa-

250 905 396 945 nulata
419 903 561 956 calyce
585 902 801 958 subduplo
829 902 1019 956 longiore
1042 904 1234 946 breviter
1258 904 1412 957 lobata‚
1436 904 1611 958 capsula
1637 906 1801 947 reflexa
1826 906 1953 948 obco-

249 962 345 1004 nica
375 966 440 1013 O.

296 1035 396 1070 Hah.
412 1035 451 1070 in
467 1036 596 1071 arenis
613 1035 831 1070 mobilibus
847 1036 971 1080 Syrize
989 1036 1172 1071 littoralis
1187 1040 1224 1071 et
1239 1036 1459 1080 Palestinae,
1475 1037 1524 1071 ad
1541 1037 1648 1072 Gaza
1662 1036 1810 1080 (Boissl
1828 1037 1950 1073 Auch.

248 1083 342 1118 1856
360 1094 408 1119 ex
426 1085 533 1130 parte
544 1085 580 1128 l),
596 1082 644 1118 ad
660 1082 706 1117 El
726 1083 876 1128 Arysch
896 1086 933 1117 et
950 1084 1101 1129 Joppen
1116 1083 1207 1128 (Ky.
1222 1084 1339 1128 4152),
1357 1084 1459 1119 inter
1477 1083 1695 1129 Berythum
1714 1087 1752 1120 et
1765 1083 1951 1120 Sidonem

248 1130 362 1175 (815),
380 1130 479 1165 circa
500 1130 716 1175 Berytbum
735 1130 926 1173 (Enrenbl
944 1130 1074 1166 Boiss!
1093 1130 1244 1175 Grailll).
1265 1131 1321 1166 Fl.
1341 1131 1433 1166 Mai.
1455 1131 1547 1166 Jun.

297 1194 438 1229 Planta
454 1193 773 1240 4-10·pollicaris,
792 1195 906 1229 flores
926 1205 1054 1240 magn.
1070 1196 1269 1230 variantes
1285 1205 1351 1230 eos
1370 1194 1407 1230 C.
1422 1195 1600 1242 stre'yosae
1615 1206 1719 1242 saepe
1735 1198 1952 1242 aequantes,

249 1241 399 1288 species
417 1241 545 1278 colore
567 1242 707 1276 florum
727 1245 764 1277 et
783 1241 933 1277 laciniis
954 1242 1158 1277 fructiferis
1178 1243 1309 1277 conice
1327 1243 1632 1278 conniventibus
1650 1243 1845 1279 distincta,

307 1359 376 1399 89.
413 1356 465 1401 C.
500 1357 1048 1412 Hierosolymitana
1084 1358 1240 1411 (Boiss.
1283 1358 1432 1412 Diagn.
1476 1357 1569 1401 Ser.
1611 1358 1642 1408 I,
1684 1361 1751 1411 11,
1794 1372 1832 1412 p.
1873 1358 1952 1414 62)

248 1417 380 1459 dense
400 1417 632 1465 strigulosa
652 1428 899 1465 canescens,
917 1418 1037 1459 caule
1058 1417 1298 1460 dicliotoine
1321 1423 1363 1459 et
1387 1418 1743 1460 subtlivaricatim
1765 1430 1951 1469 ramoso,

247 1475 358 1517 toliis
393 1475 623 1517 sessilibus
658 1475 853 1528 oblongis
891 1476 1069 1528 integris
1106 1477 1407 1529 superioribus
1440 1477 1738 1526 acutiusculis,
1767 1476 1953 1519 floribus

247 1535 451 1576 omnibns
477 1534 776 1577 terminalibus
806 1535 879 1576 0243
909 1536 1219 1588 approximatis
1246 1536 1504 1578 brevissime
1534 1535 1815 1589 pedicellatis,
1837 1536 1949 1588 caly-

246 1594 307 1635 cis
342 1593 466 1636 valde
504 1593 919 1646 sti-iguloso-liirsuti
960 1594 1123 1635 laciniis
1165 1595 1409 1637 lanceolatis
1445 1595 1595 1642 acutis,
1633 1594 1950 1648 appendicibus

245 1653 384 1695 ovatis
411 1652 579 1694 obtusis
607 1652 708 1694 tubo
731 1653 1098 1705 sublongioribus,
1127 1654 1285 1696 corolla
1315 1654 1469 1707 pallide
1506 1653 1691 1696 violacea
1725 1653 1944 1696 tubuloso-

245 1711 445 1754 obconica
482 1711 624 1764 calyce
670 1711 801 1765 duplo
845 1710 1034 1765 longiore
1071 1713 1123 1755 ad
1164 1724 1321 1754 nervos
1361 1713 1488 1763 hirta,
1523 1712 1699 1766 capsula
1735 1711 1950 1766 (juniore)

244 1774 425 1813 nutante
458 1774 520 1821 Θ.

292 1845 396 1879 Hab.
418 1845 455 1880 in
476 1844 721 1891 rupestribus
740 1845 789 1879 ad
809 1845 1017 1891 speluncas
1037 1846 1188 1888 Regum
1220 1851 1258 1882 et
1277 1846 1459 1882 Judicum
1482 1857 1603 1892 prope
1630 1846 1951 1892 Hierosolymam

244 1895 282 1928 et
306 1902 424 1938 prope
444 1892 644 1938 Naplouse
666 1891 843 1937 (Boissl),
865 1893 914 1928 ud
933 1903 1079 1939 pagum
1099 1893 1255 1929 Malcha
1273 1893 1365 1939 (ΚΥ.
1385 1894 1499 1937 6341).

290 1956 561 2003 Semipedalis,
583 1956 697 1992 facies
717 1956 757 1992 C.
778 1958 966 2002 strejqosoe,
985 1958 1121 1993 setulae
1151 1958 1364 2000 densiores,
1384 1959 1501 1993 nores
1520 1957 1818 1993 dichotomiales
1836 1957 1949 2002 nulli,

243 2003 469 2040 terminales
486 2004 643 2039 brevius
661 2004 893 2050 pedicellati,
909 2006 1057 2040 corolla
1073 2006 1280 2051 angustior
1294 2005 1408 2048 hirta,
1420 2005 1572 2040 laciniae
1587 2005 1772 2049 calycinae
1788 2005 1950 2040 tandem

244 2050 473 2087 lanceolata,-
502 2055 625 2086 acutae
655 2062 722 2086 nec
741 2062 764 2086 a
784 2052 866 2087 basi
889 2052 1107 2088 lanceolata
1137 2053 1301 2099 abrupte
1322 2052 1756 2099 cuspidato-subulatae.
1776 2051 1949 2098 Capsula

242 2102 398 2134 matura
419 2099 516 2134 mihi
535 2110 609 2134 non
634 2104 736 2134 nota.

303 2216 371 2257 90.
407 2215 446 2259 C
499 2216 839 2271 propinqua
872 2216 936 2270 (F.
967 2221 1008 2260 et
1035 2218 1088 2259 M.
1117 2217 1209 2260 Ind.
1241 2217 1413 2270 Petrop.
1452 2216 1581 2270 1835)
1618 2216 1762 2269 patule
1789 2215 1949 2268 strigu-

241 2275 543 2328 loso-bispida,
582 2275 777 2317 caulibus
823 2276 995 2328 pumilis
1049 2276 1289 2319 (licbotome
1342 2275 1544 2323 ramosis,
1586 2275 1698 2316 foliis
1750 2275 1948 2327 oblongis

242 2333 411 2376 obtusis
434 2334 614 2384 integris
635 2335 701 2376 vel
722 2334 1013 2387 subrepandis
1039 2335 1318 2378 inferioribus
1337 2334 1642 2388 subpetiolatis
1666 2334 1833 2375 caeteris
1859 2345 1949 2375 ses-

242 2392 412 2435 silibus.
431 2393 615 2436 floribus
636 2394 781 2446 parvis
798 2394 842 2435 in
863 2393 1132 2436 dicliotomiis
1152 2394 1549 2447 terminalibnsquc
1568 2393 1764 2434 breviter
1783 2392 1948 2445 pedun-

241 2452 410 2495 culatis.
439 2453 598 2506 calycis
639 2453 861 2504 strigulosi
897 2453 1061 2494 laciniis
1108 2454 1357 2496 lanceolatis
1400 2453 1639 2494 fructiferis
1680 2450 1950 2493 subaccretis

241 2512 580 2563 erecto-patulis.
609 2510 921 2565 appendicibus
954 2512 1297 2564 triangularibus
1329 2511 1614 2554 acutiusculis
1646 2511 1758 2552 ultra
1793 2511 1948 2551 tubum

242 2565 567 2622 subproductis.
600 2570 760 2612 corolla
789 2570 1179 2613 infundilnililormi
1216 2576 1343 2614 extus
1379 2570 1432 2612 ad
1465 2582 1626 2613 nervos
1654 2569 1768 2611 hirta
1805 2568 1948 2621 calyce

240 2629 370 2671 tertia
406 2633 527 2682 parte
564 2630 630 2672 vel
671 2629 803 2683 duplo
841 2630 1045 2677 longiore.
1083 2631 1261 2684 capsula
1300 2632 1479 2672 nutante
1511 2633 1576 2684 (D.
1607 2627 1651 2670 C.
1682 2627 1953 2670 Pcstaloz-zae

239 2687 378 2730 Boiss.
404 2688 558 2741 Diagn.
578 2687 668 2730 Ser.
695 2689 723 2734 l.
749 2690 759 2729 t
778 2690 810 2741 1,
831 2701 866 2742 p.
889 2689 957 2729 62.
978 2713 1033 2720 —
1053 2689 1093 2731 C.
1112 2688 1418 2741 hispidissima
1440 2687 1619 2730 Hochst.
1642 2687 1805 2730 Lorent
1826 2686 1945 2728 Reis.

285 2821 385 2856 Hab.
414 2822 454 2856 in
484 2821 628 2857 Persiae
660 2832 768 2868 prov.
799 2822 1040 2866 Adel-bidjan
1070 2821 1204 2865 (Szovl
1225 2822 1350 2857 Auch.
1375 2821 1466 2857 4901
1480 2823 1516 2865 !),
1551 2820 1590 2855 in
1602 2822 1660 2855 ter
1688 2817 1881 2855 Maschuk
1910 2819 1948 2853 et

236 2868 402 2904 Marand
418 2867 610 2913 (Buhsei),
628 2869 813 2905 Armenia
825 2869 988 2905 Turcica
1000 2869 1100 2905 circa
1113 2868 1213 2915 Ispir
1226 2869 1366 2913 (Huetl
1382 2868 1515 2914 Bourg
1530 2868 1568 2912 !),
1588 2867 1636 2902 ad
1651 2865 1798 2903 Suerek
1813 2864 1950 2910 (Lor.)‚

235 2915 474 2962 Pamphylia
493 2916 593 2952 circa
611 2916 753 2952 Adalia
771 2917 893 2960 (Pestl
916 2916 1092 2961 Bourg!).
1112 2926 1233 2963 prope
1250 2915 1381 2951 Tokat
1402 2915 1533 2958 (Wied
1548 2917 1586 2959 l).

286 2978 417 3014 Fac'es
438 2978 474 3014 C.
491 2978 724 3015 dz‘clzotomae
737 2990 760 3014 a
801 2982 852 3014 ua
868 2979 994 3015 differt
1013 2979 1161 3015 corolla
1179 2980 1319 3015 minori
1339 2977 1706 3014 infundibuliformi
1719 2975 1950 3021 angustiore

237 3036 308 3061 nec
326 3025 452 3061 limbo
471 3027 606 3073 patulo
625 3026 766 3062 donata
816 3027 1166 3073 ypocrateriformi‚
1184 3026 1327 3072 calycis
1344 3025 1448 3061 lobis
1466 3036 1547 3061 non
1569 3023 1814 3066 acuminatis,
1832 3022 1949 3057 semi—
