<?xml version="1.0" encoding="UTF-8"?>
<!DOCTYPE html PUBLIC "-//W3C//DTD XHTML 1.0 Transitional//EN"
    "http://www.w3.org/TR/xhtml1/DTD/xhtml1-transitional.dtd">
<html xmlns="http://www.w3.org/1999/xhtml" xml:lang="en" lang="en">
 <head>
  <title>
</title>
<meta http-equiv="Content-Type" content="text/html;charset=utf-8" />
  <meta name='ocr-system' content='tesseract 3.04.00' />
  <meta name='ocr-capabilities' content='ocr_page ocr_carea ocr_par ocr_line ocrx_word'/>
</head>
<body>
  <div class='ocr_page' id='page_1' title='image "./floraorientaliss03bois_0482.png"; bbox 0 0 2090 3291; ppageno 0'>
   <div class='ocr_carea' id='block_1_1' title="bbox 261 235 1960 279">
    <p class='ocr_par' dir='ltr' id='par_1_1' title="bbox 261 235 1960 279">
     <span class='ocr_line' id='line_1_1' title="bbox 261 235 1960 279; baseline -0.004 0"><span class='ocrx_word' id='word_1_1' title='bbox 261 243 332 279; x_wconf 89' lang='grc'>396</span> <span class='ocrx_word' id='word_1_2' title='bbox 989 247 1234 274; x_wconf 78' lang='lat' dir='ltr'>composrrAE.</span> <span class='ocrx_word' id='word_1_3' title='bbox 1781 235 1960 273; x_wconf 84' lang='lat' dir='ltr'>Senecio.</span> 
     </span>
    </p>
   </div>
   <div class='ocr_carea' id='block_1_2' title="bbox 265 318 1964 411">
    <p class='ocr_par' dir='ltr' id='par_1_2' title="bbox 265 318 1964 411">
     <span class='ocr_line' id='line_1_2' title="bbox 312 318 1964 367; baseline -0.001 -11"><span class='ocrx_word' id='word_1_4' title='bbox 312 322 409 357; x_wconf 75' lang='lat' dir='ltr'>Hah.</span> <span class='ocrx_word' id='word_1_5' title='bbox 431 323 469 356; x_wconf 90' lang='lat' dir='ltr'>in</span> <span class='ocrx_word' id='word_1_6' title='bbox 490 324 620 356; x_wconf 83' lang='lat' dir='ltr'>monte</span> <span class='ocrx_word' id='word_1_7' title='bbox 653 320 819 366; x_wconf 78' lang='lat' dir='ltr'>Akdagh</span> <span class='ocrx_word' id='word_1_8' title='bbox 845 320 1104 367; x_wconf 73' lang='lat' dir='ltr'>Cappadociae</span> <span class='ocrx_word' id='word_1_9' title='bbox 1139 319 1280 354; x_wconf 71' lang='lat' dir='ltr'>(Auch.</span> <span class='ocrx_word' id='word_1_10' title='bbox 1306 318 1450 362; x_wconf 70' lang='lat'>343‘22),</span> <span class='ocrx_word' id='word_1_11' title='bbox 1471 318 1510 353; x_wconf 91' lang='lat' dir='ltr'>in</span> <span class='ocrx_word' id='word_1_12' title='bbox 1531 320 1663 353; x_wconf 90' lang='lat' dir='ltr'>monte</span> <span class='ocrx_word' id='word_1_13' title='bbox 1691 318 1964 364; x_wconf 82' lang='lat' dir='ltr'>Karatutdagh</span> 
     </span>
     <span class='ocr_line' id='line_1_3' title="bbox 265 368 830 411; baseline -0.002 -8"><span class='ocrx_word' id='word_1_14' title='bbox 265 368 464 403; x_wconf 77' lang='lat' dir='ltr'>Cataoniae</span> <span class='ocrx_word' id='word_1_15' title='bbox 485 368 588 403; x_wconf 73' lang='lat'><strong>7000&#39;</strong></span> <span class='ocrx_word' id='word_1_16' title='bbox 609 368 830 411; x_wconf 56' lang='lat' dir='ltr'>{Hans-sko.</span> 
     </span>
    </p>
   </div>
   <div class='ocr_carea' id='block_1_3' title="bbox 268 428 1965 595">
    <p class='ocr_par' dir='ltr' id='par_1_3' title="bbox 268 428 1965 595">
     <span class='ocr_line' id='line_1_4' title="bbox 310 428 1964 477; baseline -0.001 -12"><span class='ocrx_word' id='word_1_17' title='bbox 310 432 518 477; x_wconf 78' lang='lat' dir='ltr'>Bipedalis,</span> <span class='ocrx_word' id='word_1_18' title='bbox 547 432 641 467; x_wconf 74' lang='lat' dir='ltr'>folia</span> <span class='ocrx_word' id='word_1_19' title='bbox 659 431 842 466; x_wconf 79' lang='lat' dir='ltr'>interiora</span> <span class='ocrx_word' id='word_1_20' title='bbox 872 431 995 466; x_wconf 87' lang='lat' dir='ltr'>limbo</span> <span class='ocrx_word' id='word_1_21' title='bbox 1013 430 1277 477; x_wconf 80' lang='lat' dir='ltr'>4-6-pollicari</span> <span class='ocrx_word' id='word_1_22' title='bbox 1300 430 1323 464; x_wconf 78' lang='lat'>2</span> <span class='ocrx_word' id='word_1_23' title='bbox 1342 430 1504 476; x_wconf 79' lang='lat' dir='ltr'>pollices</span> <span class='ocrx_word' id='word_1_24' title='bbox 1528 429 1619 473; x_wconf 81' lang='lat' dir='ltr'>lato,</span> <span class='ocrx_word' id='word_1_25' title='bbox 1640 429 1814 476; x_wconf 75' lang='lat' dir='ltr'>capituia</span> <span class='ocrx_word' id='word_1_26' title='bbox 1839 429 1896 464; x_wconf 87' lang='lat' dir='ltr'>eis</span> <span class='ocrx_word' id='word_1_27' title='bbox 1920 428 1964 466; x_wconf 88' lang='lat' dir='ltr'>S.</span> 
     </span>
     <span class='ocr_line' id='line_1_5' title="bbox 268 478 707 514; baseline -0.005 -1"><span class='ocrx_word' id='word_1_28' title='bbox 268 478 454 513; x_wconf 79' lang='lat' dir='ltr'>Dorom&#39;ez&#39;</span> <span class='ocrx_word' id='word_1_29' title='bbox 468 480 707 514; x_wconf 82' lang='lat' dir='ltr'>subminora.</span> 
     </span>
     <span class='ocr_line' id='line_1_6' title="bbox 323 541 1965 595; baseline 0.001 -13"><span class='ocrx_word' id='word_1_30' title='bbox 323 543 365 595; x_wconf 82' lang='grc' dir='ltr'>β.</span> <span class='ocrx_word' id='word_1_31' title='bbox 418 542 741 594; x_wconf 72' lang='lat' dir='ltr'>erambefolius.</span> <span class='ocrx_word' id='word_1_32' title='bbox 790 569 846 573; x_wconf 92' lang='lat'><strong>—</strong></span> <span class='ocrx_word' id='word_1_33' title='bbox 885 543 1004 586; x_wconf 79' lang='lat' dir='ltr'>Folia</span> <span class='ocrx_word' id='word_1_34' title='bbox 1052 542 1144 584; x_wconf 83' lang='lat' dir='ltr'>basi</span> <span class='ocrx_word' id='word_1_35' title='bbox 1190 542 1345 584; x_wconf 81' lang='lat' dir='ltr'>latiora</span> <span class='ocrx_word' id='word_1_36' title='bbox 1380 541 1642 584; x_wconf 84' lang='lat' dir='ltr'>brevissime</span> <span class='ocrx_word' id='word_1_37' title='bbox 1682 545 1865 584; x_wconf 81' lang='lat' dir='ltr'>cuneata</span> <span class='ocrx_word' id='word_1_38' title='bbox 1895 542 1965 583; x_wconf 86' lang='lat' dir='ltr'>vel</span> 
     </span>
    </p>
   </div>
   <div class='ocr_carea' id='block_1_4' title="bbox 267 600 1966 714">
    <p class='ocr_par' dir='ltr' id='par_1_4' title="bbox 267 600 1966 714">
     <span class='ocr_line' id='line_1_7' title="bbox 267 600 1966 655; baseline 0.001 -13"><span class='ocrx_word' id='word_1_39' title='bbox 267 604 475 642; x_wconf 81' lang='lat' dir='ltr'>truncata.</span> <span class='ocrx_word' id='word_1_40' title='bbox 496 602 765 644; x_wconf 88' lang='lat' dir='ltr'>involucrum</span> <span class='ocrx_word' id='word_1_41' title='bbox 790 603 934 644; x_wconf 89' lang='lat' dir='ltr'>minus</span> <span class='ocrx_word' id='word_1_42' title='bbox 957 604 1248 644; x_wconf 88' lang='lat' dir='ltr'>tomentosum</span> <span class='ocrx_word' id='word_1_43' title='bbox 1275 601 1389 655; x_wconf 89' lang='lat' dir='ltr'>pube</span> <span class='ocrx_word' id='word_1_44' title='bbox 1418 600 1620 643; x_wconf 78' lang='lat' dir='ltr'>breviore</span> <span class='ocrx_word' id='word_1_45' title='bbox 1653 601 1882 643; x_wconf 64' lang='lat' dir='ltr'>viscidula.</span> <span class='ocrx_word' id='word_1_46' title='bbox 1908 624 1966 630; x_wconf 90' lang='lat'>—</span> 
     </span>
     <span class='ocr_line' id='line_1_8' title="bbox 268 658 1305 714; baseline 0 -14"><span class='ocrx_word' id='word_1_47' title='bbox 268 658 307 700; x_wconf 89' lang='lat' dir='ltr'>S.</span> <span class='ocrx_word' id='word_1_48' title='bbox 332 658 644 707; x_wconf 62' lang='lat' dir='ltr'>erambefolz&#39;oecs</span> <span class='ocrx_word' id='word_1_49' title='bbox 667 661 803 702; x_wconf 76' lang='lat' dir='ltr'>Boiss</span> <span class='ocrx_word' id='word_1_50' title='bbox 828 664 869 703; x_wconf 91' lang='lat' dir='ltr'>et</span> <span class='ocrx_word' id='word_1_51' title='bbox 889 661 969 714; x_wconf 87' lang='lat' dir='ltr'>Ky.</span> <span class='ocrx_word' id='word_1_52' title='bbox 994 660 1147 703; x_wconf 87' lang='lat' dir='ltr'>Sched.</span> <span class='ocrx_word' id='word_1_53' title='bbox 1182 661 1305 701; x_wconf 55' lang='lat'>1959.</span> 
     </span>
    </p>
   </div>
   <div class='ocr_carea' id='block_1_5' title="bbox 267 731 1968 827">
    <p class='ocr_par' dir='ltr' id='par_1_5' title="bbox 267 731 1968 827">
     <span class='ocr_line' id='line_1_9' title="bbox 314 731 1968 780; baseline 0.001 -15"><span class='ocrx_word' id='word_1_54' title='bbox 314 731 414 766; x_wconf 75' lang='lat' dir='ltr'>Hab.</span> <span class='ocrx_word' id='word_1_55' title='bbox 440 732 478 766; x_wconf 91' lang='lat' dir='ltr'>in</span> <span class='ocrx_word' id='word_1_56' title='bbox 501 733 684 768; x_wconf 55' lang='lat' dir='ltr'>Armenici</span> <span class='ocrx_word' id='word_1_57' title='bbox 701 745 819 780; x_wconf 82' lang='lat' dir='ltr'>prope</span> <span class='ocrx_word' id='word_1_58' title='bbox 837 733 1177 769; x_wconf 69' lang='lat' dir='ltr'>s÷umuschkhane</span> <span class='ocrx_word' id='word_1_59' title='bbox 1195 732 1352 777; x_wconf 81' lang='lat' dir='ltr'>(Tchili.</span> <span class='ocrx_word' id='word_1_60' title='bbox 1371 743 1450 768; x_wconf 83' lang='lat' dir='ltr'>exs.</span> <span class='ocrx_word' id='word_1_61' title='bbox 1468 732 1586 777; x_wconf 76' lang='lat'><strong>3901),</strong></span> <span class='ocrx_word' id='word_1_62' title='bbox 1607 733 1645 768; x_wconf 91' lang='lat' dir='ltr'>in</span> <span class='ocrx_word' id='word_1_63' title='bbox 1666 735 1800 768; x_wconf 80' lang='lat' dir='ltr'>monte</span> <span class='ocrx_word' id='word_1_64' title='bbox 1814 732 1968 768; x_wconf 76' lang='lat' dir='ltr'>Kocha-</span> 
     </span>
     <span class='ocr_line' id='line_1_10' title="bbox 267 779 1099 827; baseline 0.004 -14"><span class='ocrx_word' id='word_1_65' title='bbox 267 789 393 824; x_wconf 71' lang='lat' dir='ltr'>punzir</span> <span class='ocrx_word' id='word_1_66' title='bbox 410 789 527 825; x_wconf 84' lang='lat' dir='ltr'>prope</span> <span class='ocrx_word' id='word_1_67' title='bbox 546 779 730 815; x_wconf 88' lang='lat' dir='ltr'>Erzerum</span> <span class='ocrx_word' id='word_1_68' title='bbox 752 781 855 816; x_wconf 81' lang='lat'>7300&#39;</span> <span class='ocrx_word' id='word_1_69' title='bbox 877 781 966 827; x_wconf 65' lang='grc' dir='ltr'><strong>(ΚΥ.</strong></span> <span class='ocrx_word' id='word_1_70' title='bbox 981 780 1099 824; x_wconf 64' lang='lat'>2351).</span> 
     </span>
    </p>
   </div>
   <div class='ocr_carea' id='block_1_6' title="bbox 269 893 1973 1548">
    <p class='ocr_par' dir='ltr' id='par_1_6' title="bbox 269 893 1973 1482">
     <span class='ocr_line' id='line_1_11' title="bbox 329 893 1970 951; baseline 0.002 -14"><span class='ocrx_word' id='word_1_71' title='bbox 329 896 394 938; x_wconf 64' lang='lat'>27.</span> <span class='ocrx_word' id='word_1_72' title='bbox 430 893 481 936; x_wconf 92' lang='lat' dir='ltr'>S.</span> <span class='ocrx_word' id='word_1_73' title='bbox 510 895 750 938; x_wconf 88' lang='lat' dir='ltr'>Cilicius</span> <span class='ocrx_word' id='word_1_74' title='bbox 778 896 944 947; x_wconf 77' lang='lat' dir='ltr'>(Roiss.</span> <span class='ocrx_word' id='word_1_75' title='bbox 977 897 1124 949; x_wconf 80' lang='lat' dir='ltr'>Diagn.</span> <span class='ocrx_word' id='word_1_76' title='bbox 1154 896 1246 939; x_wconf 87' lang='lat' dir='ltr'>Ser.</span> <span class='ocrx_word' id='word_1_77' title='bbox 1275 896 1327 949; x_wconf 83' lang='lat' dir='ltr'>H,</span> <span class='ocrx_word' id='word_1_78' title='bbox 1353 897 1392 948; x_wconf 77' lang='lat'>3,</span> <span class='ocrx_word' id='word_1_79' title='bbox 1423 909 1462 950; x_wconf 88' lang='lat' dir='ltr'>p.</span> <span class='ocrx_word' id='word_1_80' title='bbox 1493 895 1580 951; x_wconf 80' lang='lat'>37)</span> <span class='ocrx_word' id='word_1_81' title='bbox 1612 899 1731 939; x_wconf 86' lang='lat' dir='ltr'>totus</span> <span class='ocrx_word' id='word_1_82' title='bbox 1757 896 1970 950; x_wconf 77' lang='lat' dir='ltr'>adpresse</span> 
     </span>
     <span class='ocr_line' id='line_1_12' title="bbox 271 955 1969 1010; baseline 0.003 -16"><span class='ocrx_word' id='word_1_83' title='bbox 271 956 700 1005; x_wconf 84' lang='lat' dir='ltr'>niveo-tomentosus‚</span> <span class='ocrx_word' id='word_1_84' title='bbox 739 956 936 998; x_wconf 79' lang='lat' dir='ltr'>caulibus</span> <span class='ocrx_word' id='word_1_85' title='bbox 969 957 1127 998; x_wconf 86' lang='lat' dir='ltr'>erectis</span> <span class='ocrx_word' id='word_1_86' title='bbox 1163 955 1325 999; x_wconf 81' lang='lat' dir='ltr'>foliosis</span> <span class='ocrx_word' id='word_1_87' title='bbox 1362 956 1512 998; x_wconf 88' lang='lat' dir='ltr'>stricte</span> <span class='ocrx_word' id='word_1_88' title='bbox 1544 955 1827 1010; x_wconf 85' lang='lat' dir='ltr'>corymbosis,</span> <span class='ocrx_word' id='word_1_89' title='bbox 1855 957 1969 999; x_wconf 86' lang='lat' dir='ltr'>foliis</span> 
     </span>
     <span class='ocr_line' id='line_1_13' title="bbox 269 1013 1973 1067; baseline 0.001 -11"><span class='ocrx_word' id='word_1_90' title='bbox 269 1013 446 1067; x_wconf 73' lang='lat' dir='ltr'>integris</span> <span class='ocrx_word' id='word_1_91' title='bbox 469 1014 537 1054; x_wconf 88' lang='lat' dir='ltr'>vel</span> <span class='ocrx_word' id='word_1_92' title='bbox 560 1014 722 1055; x_wconf 87' lang='lat' dir='ltr'>minute</span> <span class='ocrx_word' id='word_1_93' title='bbox 750 1019 792 1056; x_wconf 89' lang='lat' dir='ltr'>et</span> <span class='ocrx_word' id='word_1_94' title='bbox 810 1018 974 1058; x_wconf 84' lang='lat' dir='ltr'>remote</span> <span class='ocrx_word' id='word_1_95' title='bbox 997 1015 1185 1057; x_wconf 78' lang='lat' dir='ltr'>dentatis</span> <span class='ocrx_word' id='word_1_96' title='bbox 1209 1015 1489 1058; x_wconf 83' lang='lat' dir='ltr'>inferioribus</span> <span class='ocrx_word' id='word_1_97' title='bbox 1517 1015 1712 1067; x_wconf 80' lang='lat' dir='ltr'>oblongis</span> <span class='ocrx_word' id='word_1_98' title='bbox 1735 1018 1777 1057; x_wconf 85' lang='lat' dir='ltr'>et</span> <span class='ocrx_word' id='word_1_99' title='bbox 1800 1015 1973 1058; x_wconf 81' lang='lat' dir='ltr'>lanceo-</span> 
     </span>
     <span class='ocr_line' id='line_1_14' title="bbox 273 1071 1965 1127; baseline 0.003 -15"><span class='ocrx_word' id='word_1_100' title='bbox 273 1073 367 1115; x_wconf 85' lang='lat' dir='ltr'>latis</span> <span class='ocrx_word' id='word_1_101' title='bbox 405 1071 572 1114; x_wconf 84' lang='lat' dir='ltr'>obtusis</span> <span class='ocrx_word' id='word_1_102' title='bbox 606 1073 649 1114; x_wconf 93' lang='lat' dir='ltr'>in</span> <span class='ocrx_word' id='word_1_103' title='bbox 690 1075 894 1127; x_wconf 84' lang='lat' dir='ltr'>petiolum</span> <span class='ocrx_word' id='word_1_104' title='bbox 932 1074 1053 1126; x_wconf 87' lang='lat' dir='ltr'>longe</span> <span class='ocrx_word' id='word_1_105' title='bbox 1093 1074 1344 1127; x_wconf 78' lang='lat' dir='ltr'>attenuatis,</span> <span class='ocrx_word' id='word_1_106' title='bbox 1379 1074 1652 1116; x_wconf 80' lang='lat' dir='ltr'>intermediis</span> <span class='ocrx_word' id='word_1_107' title='bbox 1687 1074 1782 1116; x_wconf 82' lang='lat' dir='ltr'>basi</span> <span class='ocrx_word' id='word_1_108' title='bbox 1824 1075 1965 1119; x_wconf 88' lang='lat' dir='ltr'>sessili</span> 
     </span>
     <span class='ocr_line' id='line_1_15' title="bbox 271 1132 1972 1186; baseline 0.001 -13"><span class='ocrx_word' id='word_1_109' title='bbox 271 1132 766 1183; x_wconf 79' lang='lat' dir='ltr'>semiamplexicaulibus</span> <span class='ocrx_word' id='word_1_110' title='bbox 803 1133 1022 1186; x_wconf 80' lang='lat' dir='ltr'>supremis</span> <span class='ocrx_word' id='word_1_111' title='bbox 1052 1136 1233 1186; x_wconf 72' lang='lat' dir='ltr'>anguste</span> <span class='ocrx_word' id='word_1_112' title='bbox 1261 1133 1499 1175; x_wconf 75' lang='lat' dir='ltr'>linearibus</span> <span class='ocrx_word' id='word_1_113' title='bbox 1533 1133 1730 1186; x_wconf 73' lang='lat' dir='ltr'>integris,</span> <span class='ocrx_word' id='word_1_114' title='bbox 1767 1134 1972 1185; x_wconf 83' lang='lat' dir='ltr'>capitulis</span> 
     </span>
     <span class='ocr_line' id='line_1_16' title="bbox 272 1191 1970 1246; baseline 0.001 -15"><span class='ocrx_word' id='word_1_115' title='bbox 272 1191 520 1242; x_wconf 75' lang='lat' dir='ltr'>majusculis</span> <span class='ocrx_word' id='word_1_116' title='bbox 539 1192 892 1245; x_wconf 71' lang='lat' dir='ltr'>hemisphaericis,</span> <span class='ocrx_word' id='word_1_117' title='bbox 920 1192 1131 1235; x_wconf 81' lang='lat' dir='ltr'>involucri</span> <span class='ocrx_word' id='word_1_118' title='bbox 1160 1193 1520 1235; x_wconf 65' lang='lat' dir='ltr'>cano-tomentosi</span> <span class='ocrx_word' id='word_1_119' title='bbox 1542 1192 1701 1246; x_wconf 85' lang='lat' dir='ltr'>phyllis</span> <span class='ocrx_word' id='word_1_120' title='bbox 1722 1193 1970 1235; x_wconf 78' lang='lat' dir='ltr'>lanceolatis</span> 
     </span>
     <span class='ocr_line' id='line_1_17' title="bbox 273 1250 1969 1305; baseline 0.002 -15"><span class='ocrx_word' id='word_1_121' title='bbox 273 1250 726 1303; x_wconf 76' lang='lat' dir='ltr'>plano-subconvexis.</span> <span class='ocrx_word' id='word_1_122' title='bbox 751 1252 945 1305; x_wconf 78' lang='lat' dir='ltr'>squamis</span> <span class='ocrx_word' id='word_1_123' title='bbox 970 1251 1225 1294; x_wconf 77' lang='lat' dir='ltr'>accessoriis</span> <span class='ocrx_word' id='word_1_124' title='bbox 1242 1252 1390 1304; x_wconf 75' lang='lat' dir='ltr'>paucis</span> <span class='ocrx_word' id='word_1_125' title='bbox 1413 1251 1641 1293; x_wconf 85' lang='lat' dir='ltr'>involucro</span> <span class='ocrx_word' id='word_1_126' title='bbox 1673 1250 1969 1294; x_wconf 84' lang='lat' dir='ltr'>subbreviori-</span> 
     </span>
     <span class='ocr_line' id='line_1_18' title="bbox 272 1308 1971 1364; baseline 0.002 -15"><span class='ocrx_word' id='word_1_127' title='bbox 272 1309 365 1357; x_wconf 77' lang='lat' dir='ltr'>bus,</span> <span class='ocrx_word' id='word_1_128' title='bbox 390 1308 530 1358; x_wconf 83' lang='lat' dir='ltr'>ligulis</span> <span class='ocrx_word' id='word_1_129' title='bbox 553 1309 815 1352; x_wconf 83' lang='lat' dir='ltr'>aurantiacis</span> <span class='ocrx_word' id='word_1_130' title='bbox 840 1310 1062 1353; x_wconf 85' lang='lat' dir='ltr'>involucro</span> <span class='ocrx_word' id='word_1_131' title='bbox 1098 1311 1231 1363; x_wconf 86' lang='lat' dir='ltr'>duplo</span> <span class='ocrx_word' id='word_1_132' title='bbox 1265 1309 1548 1364; x_wconf 77' lang='lat' dir='ltr'>longioribus,</span> <span class='ocrx_word' id='word_1_133' title='bbox 1572 1311 1763 1353; x_wconf 85' lang='lat' dir='ltr'>acbeuiis</span> <span class='ocrx_word' id='word_1_134' title='bbox 1792 1311 1971 1353; x_wconf 84' lang='lat' dir='ltr'>sulcatis</span> 
     </span>
     <span class='ocr_line' id='line_1_19' title="bbox 270 1366 1967 1423; baseline 0.001 -14"><span class='ocrx_word' id='word_1_135' title='bbox 270 1366 476 1410; x_wconf 86' lang='lat' dir='ltr'>brevibus</span> <span class='ocrx_word' id='word_1_136' title='bbox 507 1369 696 1410; x_wconf 87' lang='lat' dir='ltr'>breviter</span> <span class='ocrx_word' id='word_1_137' title='bbox 725 1369 862 1419; x_wconf 77' lang='lat' dir='ltr'>hirtis,</span> <span class='ocrx_word' id='word_1_138' title='bbox 899 1382 1038 1423; x_wconf 81' lang='lat' dir='ltr'>pappo</span> <span class='ocrx_word' id='word_1_139' title='bbox 1065 1369 1243 1412; x_wconf 84' lang='lat' dir='ltr'>sordido</span> <span class='ocrx_word' id='word_1_140' title='bbox 1274 1369 1500 1412; x_wconf 86' lang='lat' dir='ltr'>involucro</span> <span class='ocrx_word' id='word_1_141' title='bbox 1523 1370 1871 1423; x_wconf 85' lang='lat' dir='ltr'>sesquilongiore</span> <span class='ocrx_word' id='word_1_142' title='bbox 1908 1376 1967 1416; x_wconf 70' lang='lat'>26.</span> 
     </span>
     <span class='ocr_line' id='line_1_20' title="bbox 272 1426 1360 1482; baseline 0.003 -14"><span class='ocrx_word' id='word_1_143' title='bbox 272 1427 437 1469; x_wconf 64' lang='lat' dir='ltr'>Arilica</span> <span class='ocrx_word' id='word_1_144' title='bbox 455 1426 774 1470; x_wconf 71' lang='lat' dir='ltr'>senec-ionoidcs</span> <span class='ocrx_word' id='word_1_145' title='bbox 795 1429 926 1470; x_wconf 86' lang='lat' dir='ltr'>Fenzl</span> <span class='ocrx_word' id='word_1_146' title='bbox 952 1429 1051 1471; x_wconf 86' lang='lat' dir='ltr'>Mss.</span> <span class='ocrx_word' id='word_1_147' title='bbox 1072 1429 1115 1470; x_wconf 92' lang='lat' dir='ltr'>in</span> <span class='ocrx_word' id='word_1_148' title='bbox 1140 1429 1218 1482; x_wconf 86' lang='lat' dir='ltr'>Ky.</span> <span class='ocrx_word' id='word_1_149' title='bbox 1243 1429 1360 1471; x_wconf 63' lang='lat' dir='ltr'>colb!</span> 
     </span>
    </p>

    <p class='ocr_par' dir='ltr' id='par_1_7' title="bbox 320 1500 1970 1548">
     <span class='ocr_line' id='line_1_21' title="bbox 320 1500 1970 1548; baseline 0.001 -12"><span class='ocrx_word' id='word_1_150' title='bbox 320 1502 417 1537; x_wconf 80' lang='lat' dir='ltr'>Hah.</span> <span class='ocrx_word' id='word_1_151' title='bbox 433 1503 473 1536; x_wconf 89' lang='lat' dir='ltr'>in</span> <span class='ocrx_word' id='word_1_152' title='bbox 493 1501 666 1537; x_wconf 84' lang='lat' dir='ltr'>herbidis</span> <span class='ocrx_word' id='word_1_153' title='bbox 685 1501 828 1547; x_wconf 73' lang='lat' dir='ltr'>alpinis</span> <span class='ocrx_word' id='word_1_154' title='bbox 847 1501 966 1536; x_wconf 72' lang='lat' dir='ltr'>Tauri</span> <span class='ocrx_word' id='word_1_155' title='bbox 986 1500 1132 1537; x_wconf 91' lang='lat' dir='ltr'>Cilicici</span> <span class='ocrx_word' id='word_1_156' title='bbox 1146 1501 1226 1548; x_wconf 58' lang='grc' dir='ltr'>(ΚΥ</span> <span class='ocrx_word' id='word_1_157' title='bbox 1245 1502 1316 1538; x_wconf 81' lang='lat'>314</span> <span class='ocrx_word' id='word_1_158' title='bbox 1330 1504 1337 1537; x_wconf 89' lang='lat'>!</span> <span class='ocrx_word' id='word_1_159' title='bbox 1350 1504 1387 1537; x_wconf 83' lang='lat' dir='ltr'>et</span> <span class='ocrx_word' id='word_1_160' title='bbox 1399 1501 1490 1547; x_wconf 74' lang='lat'>661),</span> <span class='ocrx_word' id='word_1_161' title='bbox 1503 1503 1697 1537; x_wconf 89' lang='lat' dir='ltr'>montium</span> <span class='ocrx_word' id='word_1_162' title='bbox 1709 1502 1757 1537; x_wconf 84' lang='lat' dir='ltr'>ad</span> <span class='ocrx_word' id='word_1_163' title='bbox 1774 1501 1970 1537; x_wconf 88' lang='lat' dir='ltr'>Ermenek</span> 
     </span>
    </p>
   </div>
   <div class='ocr_carea' id='block_1_7' title="bbox 272 1549 1970 1644">
    <p class='ocr_par' dir='ltr' id='par_1_8' title="bbox 272 1549 1970 1644">
     <span class='ocr_line' id='line_1_22' title="bbox 272 1549 1970 1596; baseline -0.001 -12"><span class='ocrx_word' id='word_1_164' title='bbox 272 1554 281 1584; x_wconf 64' lang='grc' dir='ltr'><em>ί</em></span> <span class='ocrx_word' id='word_1_165' title='bbox 304 1550 492 1584; x_wconf 62' lang='lat' dir='ltr'>Peronin!</span> <span class='ocrx_word' id='word_1_166' title='bbox 517 1551 542 1592; x_wconf 74' lang='lat'>),</span> <span class='ocrx_word' id='word_1_167' title='bbox 573 1550 766 1583; x_wconf 58' lang='lat' dir='ltr'>Armeniis</span> <span class='ocrx_word' id='word_1_168' title='bbox 792 1549 977 1583; x_wconf 71' lang='lat' dir='ltr'>australis</span> <span class='ocrx_word' id='word_1_169' title='bbox 996 1549 1047 1584; x_wconf 81' lang='lat' dir='ltr'>ad</span> <span class='ocrx_word' id='word_1_170' title='bbox 1083 1549 1214 1591; x_wconf 73' lang='lat' dir='ltr'>Merga</span> <span class='ocrx_word' id='word_1_171' title='bbox 1237 1549 1345 1584; x_wconf 83' lang='lat' dir='ltr'>Sauk</span> <span class='ocrx_word' id='word_1_172' title='bbox 1367 1550 1406 1584; x_wconf 85' lang='lat' dir='ltr'>in</span> <span class='ocrx_word' id='word_1_173' title='bbox 1427 1561 1537 1596; x_wconf 90' lang='lat' dir='ltr'>prov.</span> <span class='ocrx_word' id='word_1_174' title='bbox 1573 1550 1709 1586; x_wconf 85' lang='lat' dir='ltr'>Musch</span> <span class='ocrx_word' id='word_1_175' title='bbox 1730 1551 1745 1594; x_wconf 85' lang='lat'>(</span> <span class='ocrx_word' id='word_1_176' title='bbox 1765 1549 1970 1595; x_wconf 80' lang='lat' dir='ltr'>Ky.3991)‚</span> 
     </span>
     <span class='ocr_line' id='line_1_23' title="bbox 272 1596 1541 1644; baseline 0.001 -13"><span class='ocrx_word' id='word_1_177' title='bbox 272 1607 389 1642; x_wconf 87' lang='lat' dir='ltr'>prope</span> <span class='ocrx_word' id='word_1_178' title='bbox 411 1596 654 1630; x_wconf 77' lang='lat' dir='ltr'>Maimansur</span> <span class='ocrx_word' id='word_1_179' title='bbox 670 1596 823 1640; x_wconf 83' lang='lat' dir='ltr'>(Huet!)</span> <span class='ocrx_word' id='word_1_180' title='bbox 843 1611 847 1627; x_wconf 75' lang='grc' dir='ltr'>ι</span> <span class='ocrx_word' id='word_1_181' title='bbox 865 1600 879 1630; x_wconf 84' lang='lat' dir='ltr'>t</span> <span class='ocrx_word' id='word_1_182' title='bbox 896 1597 996 1631; x_wconf 88' lang='lat' dir='ltr'>inter</span> <span class='ocrx_word' id='word_1_183' title='bbox 1014 1597 1159 1632; x_wconf 79' lang='lat' dir='ltr'>Baibut</span> <span class='ocrx_word' id='word_1_184' title='bbox 1177 1600 1214 1631; x_wconf 79' lang='lat' dir='ltr'>et</span> <span class='ocrx_word' id='word_1_185' title='bbox 1230 1597 1329 1644; x_wconf 69' lang='lat' dir='ltr'>Ispir</span> <span class='ocrx_word' id='word_1_186' title='bbox 1346 1597 1541 1642; x_wconf 80' lang='lat' dir='ltr'>(Bourgl).</span> 
     </span>
    </p>
   </div>
   <div class='ocr_carea' id='block_1_8' title="bbox 272 1659 1971 1846">
    <p class='ocr_par' dir='ltr' id='par_1_9' title="bbox 272 1659 1971 1846">
     <span class='ocr_line' id='line_1_24' title="bbox 318 1659 1971 1708; baseline 0.001 -13"><span class='ocrx_word' id='word_1_187' title='bbox 318 1660 473 1695; x_wconf 68' lang='lat' dir='ltr'>Peslalis</span> <span class='ocrx_word' id='word_1_188' title='bbox 495 1662 531 1694; x_wconf 84' lang='lat' dir='ltr'>et</span> <span class='ocrx_word' id='word_1_189' title='bbox 557 1659 763 1705; x_wconf 63' lang='lat' dir='ltr'>bipedalis,</span> <span class='ocrx_word' id='word_1_190' title='bbox 785 1660 878 1694; x_wconf 80' lang='lat' dir='ltr'>folia</span> <span class='ocrx_word' id='word_1_191' title='bbox 903 1669 1007 1706; x_wconf 83' lang='lat' dir='ltr'>saepe</span> <span class='ocrx_word' id='word_1_192' title='bbox 1037 1670 1126 1696; x_wconf 85' lang='lat' dir='ltr'>cum</span> <span class='ocrx_word' id='word_1_193' title='bbox 1152 1660 1299 1707; x_wconf 88' lang='lat' dir='ltr'>petiolo</span> <span class='ocrx_word' id='word_1_194' title='bbox 1329 1661 1586 1707; x_wconf 79' lang='lat' dir='ltr'>semipedalia</span> <span class='ocrx_word' id='word_1_195' title='bbox 1605 1663 1642 1696; x_wconf 84' lang='lat' dir='ltr'>et</span> <span class='ocrx_word' id='word_1_196' title='bbox 1664 1662 1782 1696; x_wconf 81' lang='lat' dir='ltr'>etiam</span> <span class='ocrx_word' id='word_1_197' title='bbox 1812 1660 1971 1708; x_wconf 80' lang='lat' dir='ltr'>pedalia</span> 
     </span>
     <span class='ocr_line' id='line_1_25' title="bbox 272 1707 1971 1755; baseline 0.001 -13"><span class='ocrx_word' id='word_1_198' title='bbox 272 1707 451 1753; x_wconf 76' lang='lat' dir='ltr'>pollicem</span> <span class='ocrx_word' id='word_1_199' title='bbox 475 1710 624 1741; x_wconf 76' lang='lat' dir='ltr'>tantum</span> <span class='ocrx_word' id='word_1_200' title='bbox 649 1707 738 1749; x_wconf 67' lang='lat' dir='ltr'>lata,</span> <span class='ocrx_word' id='word_1_201' title='bbox 759 1718 912 1753; x_wconf 78' lang='lat' dir='ltr'>pappus</span> <span class='ocrx_word' id='word_1_202' title='bbox 931 1712 972 1742; x_wconf 82' lang='lat' dir='ltr'>ut</span> <span class='ocrx_word' id='word_1_203' title='bbox 992 1708 1097 1753; x_wconf 82' lang='lat' dir='ltr'>apud</span> <span class='ocrx_word' id='word_1_204' title='bbox 1117 1708 1156 1744; x_wconf 87' lang='lat' dir='ltr'>S.</span> <span class='ocrx_word' id='word_1_205' title='bbox 1171 1707 1494 1755; x_wconf 74' lang='lat' dir='ltr'>Cappadocz’cum</span> <span class='ocrx_word' id='word_1_206' title='bbox 1522 1712 1559 1744; x_wconf 84' lang='lat' dir='ltr'>et</span> <span class='ocrx_word' id='word_1_207' title='bbox 1588 1709 1781 1754; x_wconf 66' lang='lat' dir='ltr'>Arqoeam</span> <span class='ocrx_word' id='word_1_208' title='bbox 1807 1708 1971 1743; x_wconf 85' lang='lat' dir='ltr'>subuni-</span> 
     </span>
     <span class='ocr_line' id='line_1_26' title="bbox 273 1754 1971 1803; baseline 0.002 -17"><span class='ocrx_word' id='word_1_209' title='bbox 273 1755 456 1794; x_wconf 36' lang='lat' dir='ltr'>seriam&amp;</span> <span class='ocrx_word' id='word_1_210' title='bbox 477 1754 527 1788; x_wconf 79' lang='lat' dir='ltr'>ab</span> <span class='ocrx_word' id='word_1_211' title='bbox 545 1754 600 1788; x_wconf 84' lang='lat' dir='ltr'>eis</span> <span class='ocrx_word' id='word_1_212' title='bbox 622 1754 905 1790; x_wconf 53' lang='lat' dir='ltr'>inflores-cuntis</span> <span class='ocrx_word' id='word_1_213' title='bbox 928 1755 1031 1789; x_wconf 83' lang='lat' dir='ltr'>hand</span> <span class='ocrx_word' id='word_1_214' title='bbox 1058 1755 1306 1798; x_wconf 66' lang='lat' dir='ltr'>glandulossi,</span> <span class='ocrx_word' id='word_1_215' title='bbox 1334 1767 1355 1790; x_wconf 80' lang='lat' dir='ltr'>a</span> <span class='ocrx_word' id='word_1_216' title='bbox 1376 1754 1416 1792; x_wconf 91' lang='lat' dir='ltr'>S.</span> <span class='ocrx_word' id='word_1_217' title='bbox 1439 1756 1681 1803; x_wconf 82' lang='lat' dir='ltr'>erz&#39;ospermo</span> <span class='ocrx_word' id='word_1_218' title='bbox 1699 1755 1804 1791; x_wconf 87' lang='lat' dir='ltr'>foliis</span> <span class='ocrx_word' id='word_1_219' title='bbox 1821 1765 1971 1801; x_wconf 83' lang='lat' dir='ltr'>angus·</span> 
     </span>
     <span class='ocr_line' id='line_1_27' title="bbox 273 1802 1441 1846; baseline 0 -10"><span class='ocrx_word' id='word_1_220' title='bbox 273 1802 321 1836; x_wconf 84' lang='lat' dir='ltr'>tis</span> <span class='ocrx_word' id='word_1_221' title='bbox 342 1802 456 1846; x_wconf 89' lang='lat' dir='ltr'>longe</span> <span class='ocrx_word' id='word_1_222' title='bbox 475 1802 560 1835; x_wconf 81' lang='lat' dir='ltr'>basi</span> <span class='ocrx_word' id='word_1_223' title='bbox 581 1802 792 1836; x_wconf 78' lang='lat' dir='ltr'>attenuatis</span> <span class='ocrx_word' id='word_1_224' title='bbox 811 1812 889 1836; x_wconf 90' lang='lat' dir='ltr'>non</span> <span class='ocrx_word' id='word_1_225' title='bbox 914 1802 1199 1837; x_wconf 76' lang='lat' dir='ltr'>inciso-Iobatis</span> <span class='ocrx_word' id='word_1_226' title='bbox 1220 1802 1441 1838; x_wconf 85' lang='lat' dir='ltr'>distinctus.</span> 
     </span>
    </p>
   </div>
   <div class='ocr_carea' id='block_1_9' title="bbox 270 1924 1975 2394">
    <p class='ocr_par' dir='ltr' id='par_1_10' title="bbox 270 1924 1975 2394">
     <span class='ocr_line' id='line_1_28' title="bbox 331 1924 1974 1980; baseline 0.001 -13"><span class='ocrx_word' id='word_1_227' title='bbox 331 1927 397 1967; x_wconf 64' lang='lat' dir='ltr'>Qss.</span> <span class='ocrx_word' id='word_1_228' title='bbox 431 1924 480 1967; x_wconf 89' lang='lat' dir='ltr'>S.</span> <span class='ocrx_word' id='word_1_229' title='bbox 504 1924 864 1968; x_wconf 83' lang='lat' dir='ltr'>Heldreichii</span> <span class='ocrx_word' id='word_1_230' title='bbox 884 1926 1042 1972; x_wconf 70' lang='lat' dir='ltr'>(Boiss.</span> <span class='ocrx_word' id='word_1_231' title='bbox 1059 1926 1212 1974; x_wconf 80' lang='lat' dir='ltr'>Diagn.</span> <span class='ocrx_word' id='word_1_232' title='bbox 1228 1926 1321 1968; x_wconf 90' lang='lat' dir='ltr'>Ser.</span> <span class='ocrx_word' id='word_1_233' title='bbox 1345 1927 1377 1972; x_wconf 75' lang='grc' dir='ltr'>Ι,</span> <span class='ocrx_word' id='word_1_234' title='bbox 1405 1928 1444 1977; x_wconf 74' lang='grc'>6,</span> <span class='ocrx_word' id='word_1_235' title='bbox 1463 1939 1500 1980; x_wconf 90' lang='lat' dir='ltr'>p.</span> <span class='ocrx_word' id='word_1_236' title='bbox 1527 1927 1603 1980; x_wconf 80' lang='lat'>95)</span> <span class='ocrx_word' id='word_1_237' title='bbox 1625 1929 1743 1969; x_wconf 86' lang='lat' dir='ltr'>totus</span> <span class='ocrx_word' id='word_1_238' title='bbox 1761 1925 1974 1979; x_wconf 86' lang='lat' dir='ltr'>adpressc</span> 
     </span>
     <span class='ocr_line' id='line_1_29' title="bbox 272 1982 1969 2040; baseline -0.001 -13"><span class='ocrx_word' id='word_1_239' title='bbox 272 1996 650 2029; x_wconf 73' lang='lat' dir='ltr'>araneoso-canus,</span> <span class='ocrx_word' id='word_1_240' title='bbox 674 1986 794 2027; x_wconf 80' lang='lat' dir='ltr'>caule</span> <span class='ocrx_word' id='word_1_241' title='bbox 822 1986 1003 2038; x_wconf 84' lang='lat' dir='ltr'>simplici</span> <span class='ocrx_word' id='word_1_242' title='bbox 1029 1985 1179 2027; x_wconf 84' lang='lat' dir='ltr'>folioso</span> <span class='ocrx_word' id='word_1_243' title='bbox 1203 1986 1548 2040; x_wconf 76' lang='lat' dir='ltr'>subsimpliciter</span> <span class='ocrx_word' id='word_1_244' title='bbox 1565 1982 1836 2037; x_wconf 81' lang='lat' dir='ltr'>corymboso,</span> <span class='ocrx_word' id='word_1_245' title='bbox 1854 1986 1969 2027; x_wconf 81' lang='lat' dir='ltr'>foliis</span> 
     </span>
     <span class='ocr_line' id='line_1_30' title="bbox 270 2043 1975 2097; baseline 0.002 -12"><span class='ocrx_word' id='word_1_246' title='bbox 270 2044 450 2096; x_wconf 77' lang='lat' dir='ltr'>integris</span> <span class='ocrx_word' id='word_1_247' title='bbox 491 2043 556 2085; x_wconf 90' lang='lat' dir='ltr'>vel</span> <span class='ocrx_word' id='word_1_248' title='bbox 590 2044 781 2086; x_wconf 87' lang='lat' dir='ltr'>obsolete</span> <span class='ocrx_word' id='word_1_249' title='bbox 824 2045 1028 2097; x_wconf 79' lang='lat' dir='ltr'>repandis</span> <span class='ocrx_word' id='word_1_250' title='bbox 1074 2045 1335 2088; x_wconf 82' lang='lat' dir='ltr'>radicalibus</span> <span class='ocrx_word' id='word_1_251' title='bbox 1371 2050 1413 2087; x_wconf 82' lang='lat' dir='ltr'>et</span> <span class='ocrx_word' id='word_1_252' title='bbox 1449 2045 1733 2088; x_wconf 81' lang='lat' dir='ltr'>inferioribus</span> <span class='ocrx_word' id='word_1_253' title='bbox 1774 2044 1975 2097; x_wconf 83' lang='lat' dir='ltr'>oblongis</span> 
     </span>
     <span class='ocr_line' id='line_1_31' title="bbox 270 2102 1971 2158; baseline 0.001 -15"><span class='ocrx_word' id='word_1_254' title='bbox 270 2102 435 2144; x_wconf 82' lang='lat' dir='ltr'>obtusis</span> <span class='ocrx_word' id='word_1_255' title='bbox 459 2103 503 2143; x_wconf 84' lang='lat' dir='ltr'>in</span> <span class='ocrx_word' id='word_1_256' title='bbox 535 2103 737 2155; x_wconf 80' lang='lat' dir='ltr'>petiolum</span> <span class='ocrx_word' id='word_1_257' title='bbox 784 2103 961 2149; x_wconf 82' lang='lat' dir='ltr'>brevem</span> <span class='ocrx_word' id='word_1_258' title='bbox 1001 2103 1162 2146; x_wconf 85' lang='lat' dir='ltr'>sensim</span> <span class='ocrx_word' id='word_1_259' title='bbox 1193 2105 1441 2151; x_wconf 77' lang='lat' dir='ltr'>attenuatis,</span> <span class='ocrx_word' id='word_1_260' title='bbox 1480 2103 1785 2158; x_wconf 86' lang='lat' dir='ltr'>superioribus</span> <span class='ocrx_word' id='word_1_261' title='bbox 1820 2117 1841 2144; x_wconf 80' lang='lat' dir='ltr'><strong>a</strong></span> <span class='ocrx_word' id='word_1_262' title='bbox 1877 2103 1971 2145; x_wconf 86' lang='lat' dir='ltr'>basi</span> 
     </span>
     <span class='ocr_line' id='line_1_32' title="bbox 270 2162 1974 2212; baseline 0.001 -9"><span class='ocrx_word' id='word_1_263' title='bbox 270 2162 409 2204; x_wconf 81' lang='lat' dir='ltr'>sessili</span> <span class='ocrx_word' id='word_1_264' title='bbox 454 2162 607 2203; x_wconf 87' lang='lat' dir='ltr'>obtuse</span> <span class='ocrx_word' id='word_1_265' title='bbox 654 2163 892 2204; x_wconf 68' lang='lat' dir='ltr'>auriculatzi</span> <span class='ocrx_word' id='word_1_266' title='bbox 930 2163 1168 2204; x_wconf 84' lang='lat' dir='ltr'>attenuatis</span> <span class='ocrx_word' id='word_1_267' title='bbox 1209 2163 1726 2212; x_wconf 67' lang='lat' dir='ltr'>lanceolam-linearibus,</span> <span class='ocrx_word' id='word_1_268' title='bbox 1782 2162 1974 2205; x_wconf 78' lang='lat' dir='ltr'>bracteis</span> 
     </span>
     <span class='ocr_line' id='line_1_33' title="bbox 270 2220 1973 2276; baseline 0.002 -16"><span class='ocrx_word' id='word_1_269' title='bbox 270 2223 449 2272; x_wconf 77' lang='lat' dir='ltr'>anguste</span> <span class='ocrx_word' id='word_1_270' title='bbox 494 2220 746 2269; x_wconf 82' lang='lat' dir='ltr'>linearibus,</span> <span class='ocrx_word' id='word_1_271' title='bbox 783 2221 1040 2274; x_wconf 83' lang='lat' dir='ltr'>pedunculis</span> <span class='ocrx_word' id='word_1_272' title='bbox 1066 2222 1253 2274; x_wconf 81' lang='lat' dir='ltr'>capitulo</span> <span class='ocrx_word' id='word_1_273' title='bbox 1300 2221 1541 2275; x_wconf 81' lang='lat' dir='ltr'>majusculo</span> <span class='ocrx_word' id='word_1_274' title='bbox 1576 2223 1743 2276; x_wconf 80' lang='lat' dir='ltr'>5-6-plc</span> <span class='ocrx_word' id='word_1_275' title='bbox 1768 2221 1973 2274; x_wconf 87' lang='lat' dir='ltr'>longiori-</span> 
     </span>
     <span class='ocr_line' id='line_1_34' title="bbox 270 2278 1973 2335; baseline 0.002 -16"><span class='ocrx_word' id='word_1_276' title='bbox 270 2278 351 2320; x_wconf 88' lang='lat' dir='ltr'>bus</span> <span class='ocrx_word' id='word_1_277' title='bbox 379 2279 571 2321; x_wconf 80' lang='lat' dir='ltr'>externis</span> <span class='ocrx_word' id='word_1_278' title='bbox 599 2278 818 2322; x_wconf 83' lang='lat' dir='ltr'>interdum</span> <span class='ocrx_word' id='word_1_279' title='bbox 843 2280 1091 2334; x_wconf 78' lang='lat' dir='ltr'>dicephalis.</span> <span class='ocrx_word' id='word_1_280' title='bbox 1115 2281 1331 2331; x_wconf 83' lang='lat' dir='ltr'>involucri</span> <span class='ocrx_word' id='word_1_281' title='bbox 1358 2281 1612 2335; x_wconf 81' lang='lat' dir='ltr'>ecalyculati</span> <span class='ocrx_word' id='word_1_282' title='bbox 1638 2280 1800 2334; x_wconf 86' lang='lat' dir='ltr'>phyllis</span> <span class='ocrx_word' id='word_1_283' title='bbox 1835 2279 1973 2333; x_wconf 88' lang='lat' dir='ltr'>pube·</span> 
     </span>
     <span class='ocr_line' id='line_1_35' title="bbox 270 2337 1974 2394; baseline 0.002 -17"><span class='ocrx_word' id='word_1_284' title='bbox 270 2337 378 2378; x_wconf 86' lang='lat' dir='ltr'>rulis</span> <span class='ocrx_word' id='word_1_285' title='bbox 416 2337 729 2388; x_wconf 82' lang='lat' dir='ltr'>nigricantibus</span> <span class='ocrx_word' id='word_1_286' title='bbox 769 2341 974 2381; x_wconf 82' lang='lat' dir='ltr'>convexis</span> <span class='ocrx_word' id='word_1_287' title='bbox 1004 2340 1265 2392; x_wconf 76' lang='lat' dir='ltr'>lanceolatis‚</span> <span class='ocrx_word' id='word_1_288' title='bbox 1294 2341 1440 2394; x_wconf 86' lang='lat' dir='ltr'>ligulis</span> <span class='ocrx_word' id='word_1_289' title='bbox 1469 2341 1631 2383; x_wconf 86' lang='lat' dir='ltr'>croceis</span> <span class='ocrx_word' id='word_1_290' title='bbox 1657 2339 1775 2381; x_wconf 84' lang='lat' dir='ltr'>disco</span> <span class='ocrx_word' id='word_1_291' title='bbox 1802 2339 1974 2392; x_wconf 87' lang='lat' dir='ltr'>sesqui-</span> 
     </span>
    </p>
   </div>
   <div class='ocr_carea' id='block_1_10' title="bbox 271 2386 1972 2508">
    <p class='ocr_par' dir='ltr' id='par_1_11' title="bbox 271 2386 1972 2508">
     <span class='ocr_line' id='line_1_36' title="bbox 272 2386 1972 2453; baseline 0.002 -17"><span class='ocrx_word' id='word_1_292' title='bbox 272 2386 560 2448; x_wconf 76' lang='lat' dir='ltr'>lo&#39;nginribus,</span> <span class='ocrx_word' id='word_1_293' title='bbox 603 2398 793 2439; x_wconf 81' lang='lat' dir='ltr'>acheniis</span> <span class='ocrx_word' id='word_1_294' title='bbox 847 2398 1013 2441; x_wconf 80' lang='lat' dir='ltr'>striatis</span> <span class='ocrx_word' id='word_1_295' title='bbox 1070 2398 1204 2441; x_wconf 86' lang='lat' dir='ltr'>dense</span> <span class='ocrx_word' id='word_1_296' title='bbox 1261 2400 1630 2453; x_wconf 68' lang='lat' dir='ltr'>pubescentibus„</span> <span class='ocrx_word' id='word_1_297' title='bbox 1691 2411 1831 2453; x_wconf 86' lang='lat' dir='ltr'>pappo</span> <span class='ocrx_word' id='word_1_298' title='bbox 1874 2397 1972 2440; x_wconf 85' lang='lat' dir='ltr'>albo</span> 
     </span>
     <span class='ocr_line' id='line_1_37' title="bbox 271 2455 791 2508; baseline 0.006 -13"><span class='ocrx_word' id='word_1_299' title='bbox 271 2455 495 2497; x_wconf 86' lang='lat' dir='ltr'>involucro</span> <span class='ocrx_word' id='word_1_300' title='bbox 521 2455 711 2508; x_wconf 84' lang='lat' dir='ltr'>longiore</span> <span class='ocrx_word' id='word_1_301' title='bbox 733 2462 791 2503; x_wconf 70' lang='lat'>26.</span> 
     </span>
    </p>
   </div>
   <div class='ocr_carea' id='block_1_11' title="bbox 267 2526 1974 2669">
    <p class='ocr_par' dir='ltr' id='par_1_12' title="bbox 267 2526 1974 2669">
     <span class='ocr_line' id='line_1_38' title="bbox 317 2526 1974 2578; baseline 0.004 -18"><span class='ocrx_word' id='word_1_302' title='bbox 317 2526 415 2561; x_wconf 75' lang='lat' dir='ltr'>Hub.</span> <span class='ocrx_word' id='word_1_303' title='bbox 428 2528 464 2561; x_wconf 93' lang='lat' dir='ltr'>in</span> <span class='ocrx_word' id='word_1_304' title='bbox 485 2527 659 2563; x_wconf 81' lang='lat' dir='ltr'>herbidis</span> <span class='ocrx_word' id='word_1_305' title='bbox 671 2529 721 2564; x_wconf 79' lang='lat' dir='ltr'>ad</span> <span class='ocrx_word' id='word_1_306' title='bbox 731 2529 843 2565; x_wconf 81' lang='lat' dir='ltr'>basin</span> <span class='ocrx_word' id='word_1_307' title='bbox 869 2530 1026 2577; x_wconf 90' lang='lat' dir='ltr'>rupium</span> <span class='ocrx_word' id='word_1_308' title='bbox 1042 2532 1090 2566; x_wconf 82' lang='lat' dir='ltr'>ad</span> <span class='ocrx_word' id='word_1_309' title='bbox 1110 2531 1416 2577; x_wconf 67' lang='lat' dir='ltr'>Megaltzonaria</span> <span class='ocrx_word' id='word_1_310' title='bbox 1430 2532 1469 2567; x_wconf 88' lang='lat' dir='ltr'>in</span> <span class='ocrx_word' id='word_1_311' title='bbox 1484 2532 1643 2578; x_wconf 80' lang='lat' dir='ltr'>regione</span> <span class='ocrx_word' id='word_1_312' title='bbox 1664 2532 1855 2578; x_wconf 86' lang='lat' dir='ltr'>superiori</span> <span class='ocrx_word' id='word_1_313' title='bbox 1868 2531 1974 2576; x_wconf 84' lang='lat' dir='ltr'>Tay-</span> 
     </span>
     <span class='ocr_line' id='line_1_39' title="bbox 269 2574 1971 2625; baseline 0.003 -17"><span class='ocrx_word' id='word_1_314' title='bbox 269 2576 344 2618; x_wconf 84' lang='lat' dir='ltr'>geti</span> <span class='ocrx_word' id='word_1_315' title='bbox 367 2576 380 2617; x_wconf 81' lang='lat'>(</span> <span class='ocrx_word' id='word_1_316' title='bbox 402 2574 522 2609; x_wconf 86' lang='lat' dir='ltr'>Heldr</span> <span class='ocrx_word' id='word_1_317' title='bbox 535 2578 541 2609; x_wconf 89' lang='lat'>!</span> <span class='ocrx_word' id='word_1_318' title='bbox 554 2577 578 2619; x_wconf 86' lang='lat'>).</span> <span class='ocrx_word' id='word_1_319' title='bbox 600 2577 635 2610; x_wconf 93' lang='lat' dir='ltr'>in</span> <span class='ocrx_word' id='word_1_320' title='bbox 653 2576 811 2621; x_wconf 85' lang='lat' dir='ltr'>regione</span> <span class='ocrx_word' id='word_1_321' title='bbox 829 2578 963 2623; x_wconf 62' lang='lat' dir='ltr'>alpinzi</span> <span class='ocrx_word' id='word_1_322' title='bbox 982 2579 1167 2614; x_wconf 84' lang='lat' dir='ltr'>Parnassi</span> <span class='ocrx_word' id='word_1_323' title='bbox 1185 2580 1235 2614; x_wconf 84' lang='lat' dir='ltr'>ad</span> <span class='ocrx_word' id='word_1_324' title='bbox 1254 2579 1392 2625; x_wconf 78' lang='lat' dir='ltr'>Cagna</span> <span class='ocrx_word' id='word_1_325' title='bbox 1409 2580 1572 2624; x_wconf 80' lang='lat' dir='ltr'>(Guiccl</span> <span class='ocrx_word' id='word_1_326' title='bbox 1593 2579 1725 2614; x_wconf 91' lang='lat' dir='ltr'>Heldr.</span> <span class='ocrx_word' id='word_1_327' title='bbox 1746 2579 1840 2614; x_wconf 64' lang='lat'>2943</span> <span class='ocrx_word' id='word_1_328' title='bbox 1857 2579 1971 2614; x_wconf 83' lang='lat' dir='ltr'>mixt.</span> 
     </span>
     <span class='ocr_line' id='line_1_40' title="bbox 267 2620 1258 2669; baseline 0.008 -15"><span class='ocrx_word' id='word_1_329' title='bbox 267 2631 354 2655; x_wconf 90' lang='lat' dir='ltr'>cum</span> <span class='ocrx_word' id='word_1_330' title='bbox 373 2620 411 2656; x_wconf 91' lang='lat' dir='ltr'>S.</span> <span class='ocrx_word' id='word_1_331' title='bbox 432 2621 652 2667; x_wconf 66' lang='lat' dir='ltr'>Parnassi),</span> <span class='ocrx_word' id='word_1_332' title='bbox 672 2623 797 2658; x_wconf 84' lang='lat' dir='ltr'>forma</span> <span class='ocrx_word' id='word_1_333' title='bbox 822 2625 1083 2669; x_wconf 80' lang='lat' dir='ltr'>glabrescens.</span> <span class='ocrx_word' id='word_1_334' title='bbox 1105 2626 1160 2661; x_wconf 91' lang='lat' dir='ltr'>Fl.</span> <span class='ocrx_word' id='word_1_335' title='bbox 1181 2626 1258 2662; x_wconf 86' lang='lat' dir='ltr'>Jul.</span> 
     </span>
    </p>
   </div>
   <div class='ocr_carea' id='block_1_12' title="bbox 267 2683 1974 2831">
    <p class='ocr_par' dir='ltr' id='par_1_13' title="bbox 267 2683 1974 2831">
     <span class='ocr_line' id='line_1_41' title="bbox 313 2683 1971 2737; baseline 0.004 -20"><span class='ocrx_word' id='word_1_336' title='bbox 313 2683 522 2729; x_wconf 78' lang='lat' dir='ltr'>Bipedalis,</span> <span class='ocrx_word' id='word_1_337' title='bbox 542 2686 725 2721; x_wconf 86' lang='lat' dir='ltr'>foliorum</span> <span class='ocrx_word' id='word_1_338' title='bbox 745 2688 856 2723; x_wconf 89' lang='lat' dir='ltr'>infer.</span> <span class='ocrx_word' id='word_1_339' title='bbox 878 2688 1026 2724; x_wconf 76' lang='lat' dir='ltr'>lamina</span> <span class='ocrx_word' id='word_1_340' title='bbox 1046 2689 1108 2724; x_wconf 77' lang='lat' dir='ltr'>4-ss</span> <span class='ocrx_word' id='word_1_341' title='bbox 1125 2689 1222 2735; x_wconf 94' lang='lat' dir='ltr'>poll.</span> <span class='ocrx_word' id='word_1_342' title='bbox 1254 2690 1375 2735; x_wconf 85' lang='lat' dir='ltr'>longa</span> <span class='ocrx_word' id='word_1_343' title='bbox 1389 2690 1412 2725; x_wconf 78' lang='lat'><strong>2</strong></span> <span class='ocrx_word' id='word_1_344' title='bbox 1429 2691 1522 2735; x_wconf 84' lang='lat' dir='ltr'>lata,</span> <span class='ocrx_word' id='word_1_345' title='bbox 1549 2689 1723 2737; x_wconf 81' lang='lat' dir='ltr'>capitula</span> <span class='ocrx_word' id='word_1_346' title='bbox 1740 2689 1841 2733; x_wconf 73' lang='grc'><strong>6-12,</strong></span> <span class='ocrx_word' id='word_1_347' title='bbox 1859 2689 1897 2724; x_wconf 92' lang='lat' dir='ltr'>in</span> <span class='ocrx_word' id='word_1_348' title='bbox 1906 2699 1971 2724; x_wconf 92' lang='lat' dir='ltr'>vo-</span> 
     </span>
     <span class='ocr_line' id='line_1_42' title="bbox 268 2730 1974 2784; baseline 0.005 -20"><span class='ocrx_word' id='word_1_349' title='bbox 268 2730 417 2783; x_wconf 76' lang='lat' dir='ltr'>lucrum</span> <span class='ocrx_word' id='word_1_350' title='bbox 449 2732 734 2776; x_wconf 70' lang='lat' dir='ltr'>ecalyculatum</span> <span class='ocrx_word' id='word_1_351' title='bbox 775 2734 1068 2780; x_wconf 75' lang='lat' dir='ltr'>Tephroserz&#39;dz‘s</span> <span class='ocrx_word' id='word_1_352' title='bbox 1102 2737 1169 2772; x_wconf 86' lang='lat' dir='ltr'>sed</span> <span class='ocrx_word' id='word_1_353' title='bbox 1211 2738 1262 2772; x_wconf 81' lang='lat' dir='ltr'>ab</span> <span class='ocrx_word' id='word_1_354' title='bbox 1298 2738 1352 2773; x_wconf 81' lang='lat' dir='ltr'>eis</span> <span class='ocrx_word' id='word_1_355' title='bbox 1381 2737 1486 2773; x_wconf 75' lang='lat' dir='ltr'>foliis</span> <span class='ocrx_word' id='word_1_356' title='bbox 1517 2737 1787 2784; x_wconf 84' lang='lat' dir='ltr'>superioribus</span> <span class='ocrx_word' id='word_1_357' title='bbox 1817 2737 1974 2772; x_wconf 83' lang='lat' dir='ltr'>auricu-</span> 
     </span>
     <span class='ocr_line' id='line_1_43' title="bbox 267 2776 1850 2831; baseline 0.004 -21"><span class='ocrx_word' id='word_1_358' title='bbox 267 2776 358 2811; x_wconf 76' lang='lat' dir='ltr'>latis</span> <span class='ocrx_word' id='word_1_359' title='bbox 378 2778 590 2823; x_wconf 66' lang='lat' dir='ltr'>discedens,</span> <span class='ocrx_word' id='word_1_360' title='bbox 610 2781 704 2816; x_wconf 76' lang='lat' dir='ltr'>facie</span> <span class='ocrx_word' id='word_1_361' title='bbox 731 2782 780 2816; x_wconf 80' lang='lat' dir='ltr'>ad</span> <span class='ocrx_word' id='word_1_362' title='bbox 799 2781 837 2818; x_wconf 90' lang='lat' dir='ltr'>S.</span> <span class='ocrx_word' id='word_1_363' title='bbox 859 2782 1082 2819; x_wconf 72' lang='lat' dir='ltr'>Cariensem</span> <span class='ocrx_word' id='word_1_364' title='bbox 1100 2785 1288 2820; x_wconf 84' lang='lat' dir='ltr'>accedens</span> <span class='ocrx_word' id='word_1_365' title='bbox 1306 2785 1375 2820; x_wconf 92' lang='lat' dir='ltr'>sed</span> <span class='ocrx_word' id='word_1_366' title='bbox 1394 2785 1561 2820; x_wconf 80' lang='lat' dir='ltr'>achenia</span> <span class='ocrx_word' id='word_1_367' title='bbox 1581 2784 1850 2831; x_wconf 82' lang='lat' dir='ltr'>pubescentia.</span> 
     </span>
    </p>
   </div>
   <div class='ocr_carea' id='block_1_13' title="bbox 329 2907 1972 3064">
    <p class='ocr_par' dir='ltr' id='par_1_14' title="bbox 329 2907 1972 3064">
     <span class='ocr_line' id='line_1_44' title="bbox 873 2907 1373 2954; baseline 0.006 -13"><span class='ocrx_word' id='word_1_368' title='bbox 873 2909 914 2949; x_wconf 73' lang='lat' dir='ltr'>-l—</span> <span class='ocrx_word' id='word_1_369' title='bbox 949 2909 990 2950; x_wconf 67' lang='grc'>-4-</span> <span class='ocrx_word' id='word_1_370' title='bbox 1028 2907 1202 2943; x_wconf 86' lang='lat' dir='ltr'>Achenia</span> <span class='ocrx_word' id='word_1_371' title='bbox 1222 2907 1373 2954; x_wconf 79' lang='lat' dir='ltr'>glabra.</span> 
     </span>
     <span class='ocr_line' id='line_1_45' title="bbox 329 2998 1972 3064; baseline 0.009 -27"><span class='ocrx_word' id='word_1_372' title='bbox 329 2999 394 3038; x_wconf 70' lang='lat'>29.</span> <span class='ocrx_word' id='word_1_373' title='bbox 423 2998 475 3041; x_wconf 91' lang='lat' dir='ltr'>S.</span> <span class='ocrx_word' id='word_1_374' title='bbox 500 3000 849 3056; x_wconf 82' lang='lat' dir='ltr'>thapsoides</span> <span class='ocrx_word' id='word_1_375' title='bbox 878 3004 1337 3063; x_wconf 57' lang='lat' dir='ltr'>(2n.c.Pr0dr.V11,p.</span> <span class='ocrx_word' id='word_1_376' title='bbox 1367 3008 1605 3064; x_wconf 78' lang='lat' dir='ltr'>30·l]totus</span> <span class='ocrx_word' id='word_1_377' title='bbox 1632 3008 1972 3062; x_wconf 87' lang='lat' dir='ltr'>adpressissime</span> 
     </span>
    </p>
   </div>
  </div>
 </body>
</html>
