2066 3311
77 226 342 274 Campanum.
755 233 836 259 CAM
843 231 1103 257 PANULACEAE.
1715 217 1783 254 921

120 308 219 343 Hah.
240 308 280 342 in
301 307 455 342 fissuris
472 305 631 351 rupium
650 305 897 339 monumenti
920 302 1024 338 Takt
1044 302 1078 338 el
1104 301 1252 337 Bostan
1274 301 1323 336 ad
1349 301 1519 336 Bisutun
1544 309 1665 346 prope
1690 298 1784 333 Ker-

74 355 271 391 manchah
289 354 329 389 in
348 354 481 389 Persia
499 352 617 388 occid.
639 351 766 409 (Auch
802 351 892 386 1861
907 352 944 395 l),
967 359 1088 396 prope
1109 348 1318 395 Schahpur
1338 347 1519 392 tHaussk
1531 348 1567 392 1).

121 420 180 455 Ex
209 417 456 464 incompletis
492 415 774 463 speciminibus
805 418 917 457 nota,
948 414 1082 461 petioli
1115 416 1153 449 et
1185 412 1397 460 pedunculi
1425 412 1487 447 1-1
1511 410 1782 459 's'a-pollicares

75 465 360 504 intricatissimi
387 464 505 499 valde
535 462 896 501 flexuoso-curvati,
927 461 1075 497 limbus
1102 462 1166 497 2-3
1194 461 1318 495 lineas
1349 459 1467 502 latus,
1497 459 1612 494 flores
1641 457 1787 494 minuti

78 514 118 550 C.
141 512 371 549 humz'llz’mse
388 522 411 547 a
429 515 508 559 qua
529 511 622 546 tubo
642 510 822 555 calycino
843 509 1029 556 elongato
1049 511 1220 554 angusto
1243 507 1384 543 differt.

137 629 203 671 67.
232 627 284 670 C.
304 624 760 680 Persepolitana
777 624 988 679 (Kotschy
1014 624 1057 665 in
1077 622 1212 666 Boiss.
1243 622 1390 676 Diagn.
1414 621 1506 663 Ser.
1534 620 1564 667 1,
1591 620 1630 671 7,
1648 632 1689 673 p.
1709 620 1788 674 Ι19)

76 688 290 742 cespitosa
318 685 478 728 acaulis
515 684 610 736 pilis
638 683 928 739 papillaribus
960 682 1120 736 patulis
1149 682 1334 731 hirsuta,
1363 680 1534 734 petiolis
1564 678 1789 732 peduncu-

79 748 219 801 lisque
246 744 448 787 unissoris
477 742 819 796 subaequilougis
844 741 1138 796 capillaribus‚
1166 740 1279 783 foliis
1309 739 1500 781 minimis
1529 737 1788 780 orbiculari-

78 804 389 848 renisormibus
433 802 620 845 cordatis
656 803 842 844 obscure
885 800 1115 854 angulatis,
1158 799 1342 843 floribus
1380 797 1588 850 minimis,
1631 794 1793 850 calycis'

77 864 242 907 laciniis
267 863 517 904 lanceolalis
535 861 662 914 longe
679 860 1047 903 setuloso-ciliatis
1064 859 1169 901 tubo
1190 858 1393 903 obconico
1411 855 1787 909 sublongioribus,

78 923 235 966 corolla
265 921 465 964 tubulosa
492 920 634 974 calyce
663 920 794 975 triplo
824 919 1017 972 longiore
1044 918 1155 960 lobis
1183 917 1340 960 erectis
1371 917 1565 958 breviter
1594 915 1789 968 triangu-

75 982 321 1025 ‘lari-ovatis
358 987 416 1028 26.

124 1055 224 1090 Hah.
245 1055 285 1090 in
304 1053 480 1089 humidis
499 1063 619 1100 prope
639 1052 773 1088 ruinas
792 1051 1012 1098 Persepolis
1031 1052 1069 1086 in
1090 1050 1225 1086 Persia
1243 1049 1409 1085 australi
1430 1048 1521 1094 (ΚΥ.
1540 1047 1655 1090 8611).

124 1119 265 1154 Petioli
279 1121 317 1153 et
334 1116 547 1164 pedunculi
563 1117 640 1152 fere
660 1116 866 1163 pollicares
886 1126 905 1151 e
921 1114 1136 1150 caudiculis
1152 1114 1351 1155 brevibus,
1369 1113 1463 1148 folia
1481 1113 1503 1147 2
1520 1111 1646 1147 lineas
1665 1111 1787 1156 longa

78 1170 157 1202 tres
178 1166 269 1207 lata,
288 1165 405 1210 calyx
424 1165 442 1199 1
461 1166 502 1204 ‘sa
522 1164 660 1204 lineas,
678 1163 824 1199 corolla
843 1163 920 1206 3¹s2
938 1162 1063 1197 lineas
1081 1161 1213 1206 longa.
1230 1161 1369 1196 Affinis
1392 1160 1548 1195 duabus
1567 1159 1789 1205 praeceden-

79 1214 185 1249 tibus
201 1213 329 1248 differt
348 1212 588 1258 hispklitate„
605 1211 753 1256 calycis
772 1210 926 1246 laciniis
940 1209 1162 1252 latioribus,
1179 1211 1362 1244 caeteruin
1385 1217 1522 1242 omnes
1545 1217 1591 1241 ex
1611 1205 1791 1252 specimi-

80 1261 198 1296 nibus
219 1260 337 1295 nimis
356 1258 603 1305 incompletis
623 1262 661 1294 et
678 1258 931 1305 paucioribus
952 1259 1056 1293 notae
1075 1258 1112 1291 et
1126 1256 1270 1291 iterum
1289 1254 1589 1299 investigandae.

725 1391 762 1430 5.
798 1387 1145 1431 Traelzelz'oidcoe.

142 1519 210 1560 68.
246 1517 298 1561 C.
328 1515 581 1559 latifolia
607 1514 675 1570 (L.
705 1514 778 1569 Sp.
809 1513 914 1567 2332)
948 1513 1070 1556 caule
1103 1512 1296 1554 obsolete
1321 1512 1526 1564 angulato
1552 1511 1665 1553 elato
1688 1510 1791 1551 sim-

81 1577 181 1633 plici
208 1577 359 1619 folioso
383 1576 427 1617 in
450 1586 669 1617 racemum
693 1574 897 1616 foliosum
922 1573 1122 1622 abeunte,
1153 1571 1267 1614 foliis
1300 1570 1456 1624 amplis
1485 1569 1611 1612 hirtis
1640 1572 1787 1611 ovato—

82 1635 330 1681 lanceolatis
361 1634 618 1677 acuminatis
646 1644 795 1687 grosse
832 1630 1253 1686 duplicato-serratis
1286 1628 1566 1672 inferioribus
1595 1628 1790 1669 breviter

81 1695 297 1754 petiolatis
321 1694 543 1736 Interdum
558 1691 835 1736 subcordatis
855 1690 1160 1745 superioribus
1180 1689 1410 1732 sessilibus
1429 1687 1522 1730 basi
1539 1687 1790 1738 attenuatis,

82 1754 342 1811 pedunculis
367 1752 571 1796 solitariis
594 1750 848 1795 axillaribus
874 1750 1046 1798 erectis,
1072 1750 1229 1802 calycis
1255 1748 1420 1790 laciniis
1439 1747 1523 1789 late
1542 1746 1791 1789 lanceolatis

82 1812 339 1858 acuminatis
362 1812 462 1854 tubo
485 1810 816 1866 hemispbaerico
843 1810 991 1864 glabro
1021 1810 1089 1851 vel
1115 1807 1406 1862 albo-hispido
1431 1808 1446 1848 1
1480 1805 1679 1861 ⁴s2-2—plo
1699 1806 1791 1847 lun-

83 1873 293 1929 gioribus‚
314 1871 476 1914 corolla
498 1874 650 1924 magna
673 1867 1394 1922 campanulato-infuntlibulil'ormi
1423 1867 1474 1908 ad
1503 1867 1678 1910 tertiam
1701 1877 1796 1918 par-

85 1939 173 1976 tem
208 1933 248 1974 in
289 1930 410 1973 lobos
447 1930 612 1973 ciliatos
642 1930 746 1972 lissa
780 1928 946 1971 laciniis
982 1928 1140 1981 calycis
1175 1927 1344 1980 3-4-plo
1383 1925 1592 1979 longiore,
1619 1925 1797 1978 capsula

85 1995 267 2035 nutante
285 1991 439 2043 magna
460 1989 638 2043 globosa
660 1988 825 2031 laciniis
851 1988 1009 2041 patulis
1027 1988 1185 2041 calycis
1205 1987 1409 2028 coronata
1443 1992 1501 2031 24.
1528 1985 1582 2027 lc.
1604 1984 1664 2026 Fl.
1687 1983 1795 2025 Dan.

86 2051 170 2093 tab.
200 2052 267 2093 85.
296 2076 352 2081 —-
382 2048 515 2091 Rchb.
541 2048 623 2091 tab.
652 2049 749 2091 0238.
780 2072 828 2078 —-
866 2046 907 2090 C.
941 2044 1203 2088 macrantha
1233 2045 1370 2087 Fiscli.
1410 2045 1527 2086 lned.
1558 2044 1650 2086 Bot.
1690 2043 1797 2096 Mag.

87 2111 169 2153 tab.
209 2110 322 2152 2553
359 2111 402 2151 ct
432 2108 559 2150 3347.
601 2132 658 2137 ——
694 2108 734 2150 C.
774 2106 1006 2159 ενίοεανρα
1043 2106 1154 2147 ΜΒ.
1195 2105 1226 2147 Ι.
1262 2118 1302 2159 p.
1342 2105 1423 2146 149
1456 2103 1616 2159 (forma
1653 2102 1796 2155 calyce

88 2168 277 2223 villoso).

137 2243 236 2278 Hah.
255 2242 295 2277 in
315 2241 522 2287 sylvaticis
546 2241 719 2287 regionis
747 2243 948 2276 montanae
976 2243 1012 2274 et
1038 2239 1196 2285 alpinae,
1216 2239 1386 2274 Thracia
1414 2238 1453 2273 in
1480 2237 1620 2272 Haemo
1645 2236 1798 2280 (Friv.)‚

89 2289 285 2336 Olympus
312 2289 511 2334 Bithynus
537 2288 682 2333 (Auchl
710 2287 872 2332 Boiss!)‚
898 2288 1047 2322 Pontus
1079 2297 1200 2333 supra
1229 2286 1517 2333 Trapezuntem
1542 2284 1730 2329 (Bourgl)
1760 2285 1799 2318 et

89 2347 135 2373 su
167 2347 210 2372 ra
228 2326 467 2377 Khabackar
488 2335 622 2380 (Ball),
647 2335 845 2371 Caucasus
870 2334 1052 2370 centralis
1077 2337 1114 2369 et
1135 2334 1307 2379 Georgia
1328 2333 1542 2369 Caucasica
1565 2329 1796 2367 elluo-650&

87 2385 102 2428 (
149 2383 215 2426 B„
228 2383 353 2430 Ruprl
374 2387 432 2419 010
450 2389 478 2428 ),
498 2383 607 2430 alpes
626 2382 792 2418 Ghilani
812 2382 954 2427 (Auch.
974 2381 1118 2426 49041).

137 2446 313 2482 Varietas
331 2446 563 2488 macrantha
589 2456 613 2481 a
635 2449 729 2492 typo
749 2445 904 2481 difficile
924 2445 1001 2480 nisi
1020 2444 1127 2480 soliis
1152 2443 1471 2479 subabbreviatis
1491 2453 1579 2489 quae
1600 2443 1639 2477 in
1675 2441 1798 2489 speci-

89 2494 266 2530 minibus
297 2493 501 2540 Europaeis
528 2493 724 2529 interdum
756 2496 964 2529 occurrunt
999 2492 1298 2537 distinguenda3
1325 2491 1452 2527 forma
1482 2491 1684 2536 eriocarpa
1707 2499 1798 2525 cum

90 2541 271 2588 glabrata
288 2542 508 2588 promiscue
528 2541 704 2576 occurrit.

137 2607 198 2641 Ar.
219 2605 352 2651 Geoqr.
379 2605 537 2652 Europa
561 2605 692 2641 media
716 2606 768 2640 ab
795 2604 941 2650 Anglia
964 2608 1001 2640 et
1031 2604 1296 2640 Scandinavia
1331 2603 1379 2638 ad
1410 2603 1621 2648 Pyreneos,
1641 2600 1803 2637 Italiam-

91 2652 262 2689 mediam
283 2656 320 2688 et
339 2652 522 2689 Rossiam
539 2652 766 2698 australem,
781 2652 926 2688 Sibiria
946 2652 1156 2687 Uralensis.

153 2768 223 2809 69.
252 2767 304 2810 C.
331 2764 764 2823 odontosepala
791 2767 949 2813 ‹Boiss.
978 2766 1128 2819 Diagn.
1160 2765 1253 2808 Ser.
1282 2766 1313 2814 Ι,
1344 2767 1406 2815 11,
1434 2778 1472 2819 p.
1500 2765 1575 2818 66)
1599 2763 1797 2806 caulibus

91 2825 255 2879 glabris
274 2826 431 2867 erectis
454 2826 663 2868 flexuosis
682 2826 953 2880 simplicibus
978 2826 1157 2873 foliosis,
1180 2825 1293 2868 foliis
1310 2824 1475 2867 teneris
1503 2827 1662 2878 praeter
1686 2835 1799 2865 mar-

93 2885 235 2938 ginem
260 2885 497 2927 ciliatulum
523 2885 686 2938 glabris
712 2886 914 2928 omnibus
940 2884 1157 2939 petiolalis
1184 2899 1206 2927 a
1231 2884 1320 2926 basi
1348 2884 1578 2925 rotundata
1603 2883 1671 2924 vel
1696 2882 1801 2924 sub-

92 2943 267 2986 cordata
287 2943 484 2997 oblongis
505 2944 1005 2987 attenuato-acutriinatis
1030 2943 1299 2986 acutiuscule
1321 2947 1360 2984 et
1381 2941 1799 2986 ascendenti-serra-

92 3003 162 3054 tis,
205 3001 387 3045 floribus
425 3003 627 3045 omnibus
669 3003 925 3046 axillaribus
967 3003 1127 3045 1-02-nis
1169 3002 1381 3056 pcdicello
1423 3013 1610 3044 recurvo
1653 3001 1799 3054 calyce
