2090 3291
251 255 322 292 743
985 265 1230 291 composmAE.
1674 256 1956 305 Trayopqqon.

254 337 519 382 subbrevius
561 338 681 392 apice
726 337 1290 382 subclavato-incrassatum
1326 338 1489 382 sensim
1525 339 1782 393 attenuatis,
1818 353 1964 395 pappo

253 397 430 441 sordido
456 396 523 451 ῥ).
552 396 606 438 Ic.
639 396 772 439 Rchb.
802 396 885 438 tab.
915 397 984 439 39.
1013 421 1055 427 -
1091 397 1133 439 T.
1160 397 1425 440 undulatum
1457 398 1574 453 Jacq.
1603 399 1659 442 Ic.
1688 399 1790 442 Rar.
1814 404 1843 442 t.
1878 401 1964 442 158

252 455 399 510 planta
427 456 540 497 culta
567 458 634 498 est
659 455 839 509 probab.
867 456 962 510 ejus
989 455 1128 498 forma
1156 455 1469 500 undulatil‘olia.

300 527 389 563 Hah
426 527 465 563 in
491 528 614 574 pratis
634 527 778 574 alpinis
796 527 964 563 Caucasi
983 528 1188 564 orientalis
1208 529 1250 564 in
1268 529 1542 576 Daghestania
1559 541 1679 577 supra
1700 531 1836 567 Gunib
1854 533 1893 567 et
1910 531 1962 567 ad

255 574 459 621 Kaputcha
476 574 707 610 4800’7200’
729 575 855 622 (Rupr
867 577 893 620 !)
912 578 950 611 et
966 576 1075 623 prob.
1096 575 1203 612 alibi.

297 642 358 676 Ar.
387 640 517 685 Geoqr.
540 640 698 686 Europa
716 640 847 676 media
867 652 890 676 a
908 641 1040 677 Gallia
1054 643 1094 677 et
1110 641 1326 678 Germania.
1343 642 1395 678 ad
1418 642 1619 688 regionem
1640 643 1905 680 Danubialem
1925 645 1965 679 et

253 687 433 723 Rossiam
456 687 627 722 mediam
645 696 678 723 et
702 688 932 732 australem,
952 688 1112 724 Sihiria.

315 816 355 857 9.
389 813 446 856 Τ.
482 813 873 857 Tommasinii
908 813 1023 868 (Sch.
1063 812 1158 867 Bip.
1197 814 1242 856 in
1277 813 1419 856 Bisch.
1456 814 1602 868 Beytr.
1642 827 1684 868 p.
1726 814 1802 868 97)
1838 814 1965 858 valde

252 874 753 916 ssoccoso-tornentosum
787 872 933 914 album
966 872 1110 915 floccis
1137 872 1308 926 longius
1331 872 1385 915 ad
1407 873 1610 916 foliorum
1646 873 1768 916 basin
1800 873 1962 927 persis-

254 932 462 985 tentibuS,
495 931 601 973 collo
637 931 811 984 fibroso,
845 931 966 973 caule
994 934 1138 974 erecto
1167 942 1296 985 parce
1329 935 1373 973 et
1401 932 1550 975 stricte
1576 944 1764 983 ramoso,
1796 932 1908 975 foliis
1937 945 1963 975 a

255 991 348 1033 basi
387 990 561 1032 dilatata
599 990 1011 1043 semiamplexicauli
1053 993 1237 1043 anguste
1276 990 1526 1034 lanceolatis
1562 992 1682 1045 apice
1725 991 1966 1034 attenuatis

254 1050 464 1092 flexuosis
509 1048 575 1090 vel
622 1048 868 1096 tortilibus,
909 1049 1169 1103 pedunculis
1213 1049 1350 1102 longis
1411 1049 1648 1093 fructiferis
1691 1049 1965 1092 subclavato-

252 1108 515 1156 incrassatis,
530 1107 756 1150 involucro
771 1110 865 1150 octo
871 1108 1015 1162 phyllo
1031 1107 1224 1151 flosculis
1238 1107 1368 1150 luteis
1379 1109 1636 1163 aequilongo,
1648 1109 1840 1152 acheniis
1854 1120 1962 1151 niar-

252 1167 468 1221 ginalibus
496 1167 686 1208 tenuiter
713 1166 1129 1209 subdecemcostatis
1164 1166 1220 1208 ad
1263 1169 1306 1209 et
1340 1167 1455 1210 inter
1481 1172 1622 1211 costas
1658 1167 1963 1222 squamuloso-

254 1225 478 1268 muricatis
506 1225 550 1266 in
574 1229 769 1268 rostrum
797 1225 999 1267 filiforme
1025 1226 1089 1268 eis
1117 1226 1276 1279 saepius
1301 1225 1626 1280 sesquilongius
1649 1227 1769 1280 apice
1798 1225 1965 1268 sensim

253 1284 731 1327 clavato-incrassatum
758 1286 802 1325 et
828 1284 911 1326 sub
941 1296 1081 1339 pappo
1109 1285 1301 1327 lanatum
1329 1286 1590 1338 constrictis,
1618 1297 1758 1340 pappo
1785 1283 1965 1328 sordide

253 1343 349 1385 albo
372 1343 441 1398 ᾇ).
469 1343 524 1385 Ιο.
549 1343 681 1385 Rchb.
708 1342 792 1386 tab.
818 1344 887 1384 40.

299 1416 401 1499 Hzlzb.
420 1416 460 1451 in
474 1417 602 1498 piratis
621 1416 745 1462 siccis,
763 1416 891 1453 Attica
912 1426 1031 1463 prope
1049 1416 1258 1453 Marathon
1276 1417 1429 1464 (Vrioni
1445 1427 1492 1453 ex
1506 1417 1631 1453 Rchb.
1644 1416 1727 1462 fil.).
1741 1417 1801 1453 Ex
1814 1417 1967 1455 ditione

253 1474 347 1500 non(
363 1474 430 1499 um
444 1474 484 1498 vi
515 1474 536 1498 1.

299 1527 424 1563 Affine
448 1527 489 1563 T.
509 1528 693 1574 pratensi
706 1527 836 1563 differt
856 1527 1089 1564 indumento
1108 1528 1274 1564 floccoso
1293 1529 1452 1575 copioso
1471 1531 1509 1565 et
1526 1528 1687 1575 longius
1706 1530 1959 1576 persistente;

252 1574 417 1610 achenia
439 1576 545 1618 (cum
564 1579 690 1611 rostro
709 1575 819 1611 12-14
838 1574 964 1611 lineas
984 1575 1123 1621 longa)
1145 1576 1306 1611 tenuius
1323 1579 1475 1612 costata
1493 1580 1585 1612 sunt
1604 1579 1732 1612 rostro
1753 1576 1966 1612 manifeste

253 1621 423 1667 longiori
440 1626 639 1668 superata.

297 1685 358 1721 Ar.
379 1685 516 1730 Geoqr.
536 1685 725 1721 Littorale
742 1686 1006 1732 Austriacum‚
1027 1685 1239 1723 Dalmatia.

319 1810 382 1851 10.
416 1809 468 1851 T.
486 1809 852 1854 Samaritani
867 1810 1038 1865 (Heldr.
1064 1815 1108 1854 et
1132 1811 1244 1854 Sart.
1260 1810 1304 1853 in
1331 1811 1473 1855 Boiss.
1491 1811 1642 1865 Diagn.
1666 1811 1761 1854 Ser.
1789 1811 1894 1864 11,5‚
1912 1826 1956 1867 p.

260 1867 356 1922 116)
386 1868 783 1912 floccoso-lanatum
806 1870 902 1912 lana
919 1870 972 1912 ad
990 1872 1149 1913 collum
1173 1873 1216 1912 et
1237 1870 1291 1913 ad
1311 1870 1433 1914 basin
1453 1871 1655 1913 foliorum
1679 1871 1963 1925 persistente,

251 1926 396 1970 radice
431 1929 553 1971 tenui
587 1928 782 1971 verticali
820 1928 996 1983 fibrosa‚
1032 1930 1232 1973 caulibus
1264 1930 1471 1973 tenuibus
1499 1929 1657 1972 erectis
1686 1929 1959 1983 simplicibus

255 1987 320 2028 vel
346 1997 475 2039 parce
512 1988 712 2038 ramosis,
750 1987 862 2030 foliis
898 1989 1209 2043 angustissime
1245 1988 1485 2031 linearibus
1511 1989 1724 2042 elongatis
1758 1988 1851 2031 basi
1887 1988 1960 2030 vix

252 2044 455 2098 dilatatis,
482 2046 742 2099 pedunculis
772 2046 909 2100 longis
936 2047 1174 2091 fructiferis
1198 2047 1271 2089 vix
1296 2047 1563 2098 incrassatis,
1592 2047 1792 2102 capitulis
1816 2047 1960 2090 tenui·-

254 2104 334 2146 bus
369 2105 633 2156 paucissoris,
659 2105 876 2148 involucri
911 2107 1069 2161 phyllis
1101 2106 1247 2161 quinis
1275 2106 1469 2150 flosculis
1492 2106 1663 2149 flavidis
1687 2107 1962 2161 aequilongis,

252 2162 444 2205 acheniis
489 2164 801 2217 marginalibus
844 2165 1195 2209 striato-costatis
1242 2165 1288 2207 in
1334 2168 1528 2218 rostrum
1577 2165 1960 2220 subaequilongurn

252 2222 372 2275 apice
396 2221 769 2266 subincrassatum
795 2224 958 2267 sensim
979 2224 1216 2268 attenuatis
1239 2224 1332 2266 basi
1355 2223 1593 2268 obsoletius
1617 2235 1810 2279 superne
1831 2223 1962 2277 longe

253 2280 728 2334 spinuloso-muricatis
768 2283 957 2336 spinulis
993 2295 1107 2338 saepe
1143 2295 1269 2327 secus
1306 2286 1445 2326 totum
1483 2287 1679 2326 rostrum
1717 2283 1958 2338 productis,

253 2351 393 2393 pappo
418 2340 596 2383 sordido
624 2340 692 2396 (ε)

298 2411 399 2447 Η31).
417 2412 458 2448 in
477 2414 632 2449 saxosis
663 2414 836 2460 regionis
867 2414 1052 2450 abietinae
1082 2415 1258 2461 Graeciae,
1290 2415 1398 2461 regio
1429 2415 1559 2451 media
1587 2414 1734 2451 montis
1764 2414 1958 2460 Kyllenes

252 2458 440 2505 (Heldrl),
458 2462 605 2496 montis
622 2460 771 2497 Parnes
795 2462 933 2497 Atticae
958 2462 1064 2498 4too’
1090 2463 1243 2507 (Heldr.
1270 2462 1390 2498 Herb.
1420 2462 1554 2498 Norm.
1584 2462 1704 2507 6901),
1734 2462 1961 2498 Parnassus

251 2515 371 2588 {rope
397 2507 562 2561 Gourna
586 2507 818 2567 ,300024000‘
842 2509 997 2554 (Guiccl
1022 2509 1184 2557 Orphfi),
1205 2509 1402 2557 Olympus
1425 2508 1644 2546 Thessalus
1663 2519 1783 2556 supra
1805 2508 1961 2555 Hagios

290 2563 470 2599 lonysms
487 2555 582 2591 4500
614 2554 739 2602 (Orph
751 2557 787 2601 1).

298 2616 440 2653 Pedale
459 2620 496 2653 et
517 2619 804 2665 sesquipedale,
829 2619 937 2665 facie,
961 2620 1067 2656 foliis
1099 2620 1282 2666 angustis
1312 2622 1350 2656 et
1372 2620 1556 2667 capitulis
1585 2620 1809 2666 paucissoris
1826 2619 1957 2656 simile

250 2662 522 2756 {1353th
550 2665 723 2702 flosculis
753 2666 943 2703 violaceis
974 2667 1182 2704 involucro
1214 2667 1341 2703 multo
1368 2667 1623 2704 brevioribus
1654 2667 1791 2703 statim
1819 2666 1958 2703 distin-

316 2836 380 2877 11.
412 2834 467 2877 T.
491 2834 815 2880 floccosum
848 2837 938 2893 (W.
967 2838 1018 2880 K.
1048 2838 1111 2881 Pl.
1145 2850 1231 2880 rar.
1265 2839 1410 2891 Hung.
1438 2838 1490 2892 ΙΙ,
1527 2851 1567 2893 p.
1600 2838 1695 2891 116,
1729 2837 1812 2881 tab.
1851 2837 1960 2893 11⁰2)

250 2892 507 2937 indumento
544 2894 857 2939 floccoso-cano
899 2896 1250 2952 subpersistente
1299 2897 1505 2950 obsitum,
1552 2896 1698 2940 radice
1747 2896 1955 2948 verticali,

251 2952 357 2995 collo
379 2952 706 3008 subsquamato,
730 2955 853 2998 caule
877 2955 988 2999 elato
1010 2968 1200 3008 ramOSO,
1226 2956 1342 2999 foliis
1363 2959 1546 3010 anguste
1567 2955 1807 2999 linearibus
1829 2967 1960 2998 cana-

249 3011 437 3053 liculatis
477 3012 783 3056 crassiusculis
811 3025 946 3057 nervo
984 3026 1131 3058 crasso
1164 3015 1389 3069 percursis
1424 3015 1635 3058 flexuosis
1671 3014 1957 3057 inferioribus
