2090 3291
251 224 322 261 636
979 234 1226 261 οοηΡοεΠῈ.
1717 222 1938 261 Centaurea
1947 249 1955 258 .

257 305 406 348 tudine
448 305 586 359 phylli
627 304 844 357 longiores
882 306 1042 361 partito
1086 306 1266 358 obsitis,
1313 305 1509 349 flosculis
1549 307 1722 349 intense
1763 306 1963 350 caeruleis

256 363 544 415 radiantibus,
571 364 762 407 acheniis
784 364 963 407 birtulis
986 365 1120 409 calvis
1142 366 1229 408 hilo
1252 365 1379 408 valde
1406 365 1588 408 barbato
1615 369 1680 416 Θ.

301 437 402 473 Hah.
423 437 463 472 in
487 436 602 473 cultis
626 437 821 474 derelictis
845 437 972 475 Cariae
992 439 1154 484 (Pinard
1165 441 1200 485 l),
1220 439 1406 486 Phrygiae
1433 438 1483 474 ad
1504 437 1821 485 Kaiagheuldere
1841 447 1963 485 prope

254 484 419 520 Ouchak
437 484 575 530 (Ball).
594 483 651 520 Fl.
669 484 760 520 Mai.

301 546 445 582 Caules
464 546 769 594 3-6-pollicares,
788 548 883 584 folia
904 549 1191 596 1-2-pollicaria
1205 549 1272 585 3·5
1288 549 1414 585 lineas
1436 549 1528 585 lata.
1558 548 1723 585 Achenii
1748 547 1852 584 calvi
1875 547 1965 583 cha·

255 597 400 630 ractere
418 594 469 629 ad
488 593 528 630 C.
552 604 572 630 c
601 594 786 631 anoidem
803 595 992 632 accedens
1011 597 1081 632 sed
1102 596 1287 633 caulibus
1306 595 1483 644 pumilis‚
1500 596 1607 632 foliis
1630 595 1809 642 angustis
1826 595 1966 642 pinna-

255 641 401 677 tisectis
420 650 500 676 non
518 651 566 677 su
597 641 840 687 auriculatis,
860 643 1046 690 capitulis
1068 643 1304 688 minoribus,
1321 643 1554 691 phyllorum
1579 643 1747 679 fimbriis
1770 642 1967 688 elongatis

254 690 292 723 et
309 688 474 724 acbenio
492 689 722 735 angustiore
740 689 907 726 dimidio
924 691 1077 727 minore
1091 691 1237 727 aliena.

961 801 980 820 ¹
1007 802 1027 820 ¹·
1053 803 1262 840 Perennes.

315 902 384 943 42.
420 900 472 945 G.
501 900 777 944 axillaris
806 902 978 958 (Willd.
1014 902 1087 959 Sp.
1126 902 1206 955 III,
1240 917 1281 959 p.
1314 902 1450 959 2290)
1483 902 1704 957 perennis,
1729 902 1968 946 rbizomate

258 971 431 1002 ramoso
459 961 653 1003 stolones
678 960 826 1004 rosula
855 961 1029 1004 tandem
1053 963 1310 1006 terminatos
1335 962 1507 1014 edente,
1532 960 1732 1004 caulibus
1758 973 1782 1003 e
1803 962 1968 1004 rosulae

258 1018 489 1061 emarcidae
521 1023 670 1062 centro
701 1020 859 1063 erectis
891 1021 992 1075 plus
1026 1021 1172 1064 minus
1211 1021 1337 1065 alatis
1375 1033 1503 1064 mono
1538 1019 1608 1064 vel
1646 1020 1966 1075 oligocephalis‚

258 1077 369 1120 foliis
396 1077 522 1131 longe
544 1078 611 1121 vel
638 1079 833 1121 breviter
856 1079 1195 1124 decurrentibus
1218 1080 1415 1134 oblongis
1434 1079 1683 1123 lanceolatis
1703 1079 1773 1122 vel
1790 1079 1968 1122 lineari-

262 1137 511 1179 lanceolatis
540 1137 722 1191 integris
749 1138 818 1181 vel
845 1137 1033 1182 dentatis
1063 1139 1437 1193 pinnatifidisque,
1465 1138 1666 1193 capitulis
1699 1138 1968 1193 majusculis,

260 1196 477 1238 involucri
510 1196 649 1249 glabri
686 1196 844 1250 phyllis
876 1197 1016 1240 ovatis
1049 1201 1092 1241 et
1124 1198 1321 1252 oblongis
1355 1198 1525 1242 obtusis
1552 1198 1674 1240 fusco
1709 1198 1776 1240 vel
1809 1197 1968 1252 pallide

259 1254 514 1307 marginatis
536 1255 722 1297 fimbriis
746 1256 950 1299 scariosis
973 1256 1081 1300 albis
1105 1258 1174 1300 vel
1196 1257 1335 1312 nigris
1353 1257 1549 1310 margine
1574 1257 1669 1313 ipso
1686 1257 1968 1310 longioribus,

261 1313 455 1356 flosculis
478 1313 792 1367 marginalibus
815 1314 941 1357 valde
965 1315 1252 1370 radiantibus,
1274 1316 1404 1373 pappi
1423 1315 1539 1359 serie
1561 1316 1823 1359 intermedia
1845 1315 1970 1358 ache-

259 1373 329 1415 nio
356 1372 524 1427 3·5-plo
548 1371 751 1415 breviore
788 1379 847 1421 γ.

304 1444 460 1492 Species
487 1456 510 1481 a
535 1444 573 1482 C.
599 1444 794 1483 montana*
814 1447 983 1483 fimbriis
1006 1448 1238 1495 phyllorum
1261 1447 1387 1496 duplo
1411 1447 1659 1494 longioribus
1681 1449 1836 1485 tantum
1858 1450 1897 1484 et
1916 1458 1967 1485 an

261 1493 358 1527 satis
392 1491 602 1528 distincta?
627 1495 788 1537 statura,
815 1493 1001 1531 foliorum
1028 1496 1208 1542 angustie
1227 1499 1265 1532 et
1293 1495 1551 1540 decurrentia,
1574 1495 1715 1531 florum
1733 1494 1876 1540 colore,
1900 1497 1969 1532 etc.

260 1539 357 1574 mire
374 1540 545 1576 varians.
566 1540 719 1576 Nomen
737 1541 1103 1578 Willdenovianum
1123 1544 1274 1579 caeteris
1294 1543 1498 1590 antiquius
1516 1545 1573 1578 est
1591 1542 1661 1579 sed
1679 1542 1812 1578 minus
1831 1545 1969 1597 aptum

257 1596 351 1622 nam
370 1586 516 1670 caules)
522 1587 669 1635 saepius
688 1589 965 1636 monocephali
992 1592 1094 1626 sunt.
1117 1590 1271 1626 Formae
1291 1590 1356 1626 hic
1379 1592 1618 1627 enumeratae
1639 1590 1832 1626 transitus
1852 1600 1967 1627 mnu-

258 1643 387 1670 meros
406 1644 486 1681 prae
519 1638 594 1670 ent.

318 1718 357 1743 α.
385 1711 562 1754 cyanea.
591 1724 649 1731 -
676 1700 847 1744 Virens.
879 1700 1034 1746 Caules
1061 1703 1281 1755 elatiores,
1309 1704 1408 1747 folia
1442 1703 1527 1747 late
1570 1704 1754 1757 oblonga
1782 1705 1850 1748 vel
1880 1704 1971 1747 lan-

257 1758 419 1802 ceolata
450 1759 534 1801 late
559 1773 581 1802 a
605 1760 705 1803 solio
730 1760 784 1802 ad
809 1761 960 1804 solium
987 1761 1285 1814 decurrentia,
1307 1763 1439 1806 liores
1463 1763 1637 1806 caerulei
1660 1764 1731 1806 vel
1753 1764 1883 1807 rosei.
1914 1787 1969 1794 -—

261 1816 302 1860 C.
322 1817 477 1859 stricta
500 1818 568 1860 W.
590 1819 642 1860 K.
671 1819 757 1861 tab.
790 1821 870 1863 178
894 1824 937 1863 et
963 1820 1006 1864 C.
1034 1820 1178 1864 mollis
1199 1821 1268 1864 W.
1294 1822 1344 1864 K.
1369 1821 1453 1865 tab.
1484 1822 1580 1865 219.
1611 1845 1665 1853 -
1705 1821 1745 1865 C.
1771 1821 1971 1865 Fischeri

258 1877 327 1920 W.
357 1876 512 1920 Enum.
538 1877 690 1933 Suppl.
720 1891 759 1933 p.
782 1880 851 1922 61.

305 1948 404 1985 Hah.
423 1950 463 1985 in
491 1951 650 1997 regione
671 1951 786 1988 subal
818 1952 886 1989 ina
908 1952 1152 1996 Macedoniae
1176 1953 1335 2000 (Frivl),
1359 1953 1475 1990 Ponti
1493 1953 1622 1992 Lazici
1639 1955 1690 1991 ad
1707 1954 1847 2002 Djimil
1863 1955 1970 1992 6000’

257 1995 395 2041 (Ball),
416 1997 573 2033 Tauriae
589 2001 627 2034 et
644 1999 766 2035 totius
817 2000 951 2036 aucasi
972 1999 1101 2046 (MR,
1118 2001 1276 2049 Ruprl).

318 2071 364 2126 β.
397 2071 667 2116 ochroleuea.
695 2097 752 2106 -
778 2074 941 2118 Eadem
972 2075 1049 2119 sed
1082 2075 1253 2119 flosculi
1284 2076 1417 2119 albidi
1452 2075 1522 2121 vel
1546 2076 1804 2120 ochroleuci.
1839 2100 1895 2107 ——
1928 2076 1970 2119 C.

259 2130 519 2173 ochroleuca
536 2131 687 2175 Willd.
709 2132 781 2189 Sp.
796 2146 837 2188 p.
862 2134 974 2177 1289
990 2159 1044 2164 —-
1060 2134 1166 2178 M.B.
1186 2133 1307 2179 Cent.
1319 2135 1404 2177 tab.
1420 2136 1476 2178 46
1488 2138 1532 2180 et
1550 2135 1590 2179 C.
1606 2134 1973 2188 cheiranthifolia

261 2188 329 2232 W.
358 2190 452 2233 eod.
480 2191 557 2234 loc.
588 2190 786 2236 Varietas
814 2193 926 2237 foliis
948 2193 1293 2248 angustioribus.

306 2262 406 2298 Hab.
429 2263 471 2299 in
488 2264 679 2300 Armenia
694 2265 876 2311 (Willd.),
903 2265 1080 2303 Caucaso
1105 2267 1282 2308 centrali.
1305 2268 1487 2304 orientali
1505 2271 1543 2305 et
1564 2268 1737 2315 Georgia
1757 2267 1973 2306 Caucasias

258 2309 398 2355 (Hohl,
415 2310 524 2358 Rupr
538 2312 576 2356 l),
598 2322 708 2359 prov.
730 2312 947 2360 Karabagh
966 2313 1129 2360 (Szovl).

318 2404 359 2442 y.
391 2386 548 2427 atrata.
581 2409 635 2415 —
664 2386 914 2439 virescens,
947 2387 1046 2431 folia
1083 2391 1267 2442 anguste
1302 2389 1541 2432 lanceolata
1577 2389 1647 2432 vel
1683 2389 1864 2432 linearia
1896 2388 1972 2433 vix

259 2442 551 2487 decurrentia.
578 2468 637 2476 —
669 2445 712 2488 C.
739 2447 889 2488 atrata
914 2446 982 2489 W.
1012 2447 1090 2490 loc.
1118 2448 1186 2490 cit.
1213 2459 1255 2502 p.
1284 2448 1400 2492 2290
1425 2450 1469 2492 et
1493 2446 1631 2491 herb!
1658 2473 1713 2480 -—
1747 2447 1787 2492 G.
1820 2445 1972 2490 H‘uetz'i

259 2501 400 2546 Boiss.
426 2503 579 2559 Diagn.
605 2503 698 2547 Ser.
729 2504 783 2558 11,
805 2505 847 2557 3,
871 2506 940 2548 69.
961 2529 1015 2536 -
1042 2505 1083 2549 C.
1101 2506 1337 2560 cyanoides
1353 2519 1434 2550 nc.
1460 2506 1610 2551 Prodr.
1638 2506 1697 2550 VI
1719 2519 1807 2550 non
1827 2505 1966 2561 Bergl

307 2575 407 2612 Hab.
431 2576 470 2612 in
492 2578 681 2613 Armenia
697 2577 840 2623 (Willd
853 2579 890 2625 l),
913 2580 955 2615 in
978 2581 1113 2616 monte
1138 2578 1354 2627 Techdagh
1369 2579 1600 2617 700029000’
1626 2580 1795 2627 (Huetl),
1814 2579 1970 2629 Cappa-

258 2622 373 2660 docia
391 2624 534 2668 (Auch.
553 2624 650 2662 5153
661 2626 701 2670 l).

315 2696 353 2741 δ.
381 2708 506 2740 carm.
532 2721 591 2730 -
617 2695 747 2749 Cana,
773 2699 919 2742 caules
947 2699 1108 2754 sae-pius
1131 2699 1285 2755 pumili
1315 2701 1335 2743 1
1364 2700 1511 2744 rarius
1539 2701 1819 2756 2·3-cephali.
1846 2701 1965 2744 F'olia

257 2755 426 2810 integra
467 2757 537 2799 vel
575 2756 829 2811 subintegra
864 2757 1027 2813 saepius
1060 2761 1259 2812 angusta,
1292 2763 1477 2814 anguste
1508 2764 1552 2803 et
1585 2760 1782 2803 breviter
1815 2760 1972 2804 decur-

256 2815 412 2868 rentia,
437 2815 606 2859 flosculi
631 2815 930 2859 caerulei-C.
959 2827 1073 2859 cana
1098 2817 1186 2861 Sm.
1211 2817 1365 2861 Prodr.
1391 2817 1444 2869 11,
1472 2830 1512 2873 p.
1546 2820 1643 2862 198.
1669 2840 1729 2852 -
1755 2817 1799 2862 Ο.
1825 2830 1969 2861 acmo-

255 2871 412 2927 phylla
436 2874 576 2918 Boiss.
599 2874 751 2929 Diagn.
776 2875 870 2919 Ser.
896 2874 952 2927 11,
972 2877 1012 2928 3,
1036 2888 1073 2931 p.
1097 2878 1154 2919 68
1178 2876 1319 2920 torma
1341 2877 1498 2921 elatior
1517 2877 1572 2921 ad
1589 2880 1743 2933 typum
1764 2889 1969 2933 vergens.

257 2953 314 2963 —
342 2930 383 2976 0.
412 2931 631 2987 lingulaca
653 2934 830 2989 Lagasc.
855 2959 910 2965 -—-
933 2933 975 2978 C.
997 2933 1198 2978 Sensum
1220 2934 1317 2979 Vill.

308 3004 409 3041 Hah.
436 3006 616 3042 omnium
643 3006 862 3044 formarum
889 3008 1212 3056 frequentissima
1236 3008 1279 3046 in
1305 3008 1476 3057 Alpibus
1500 3010 1622 3047 totius
1649 3009 1820 3047 Orientis
1846 3009 1970 3047 4000’-
