2066 3296
128 229 308 267 Cur-sium.
853 239 1098 266 COMPOSITAE.
1757 242 1827 279 531

126 310 458 354 canescentibus
481 309 523 352 in
549 309 726 352 lacinias
750 309 875 364 longe
900 311 1157 355 lanceolatns
1180 313 1408 369 bipartilas
1427 317 1469 360 in
1492 319 1639 371 spinas
1661 323 1826 367 validas

125 371 337 414 abeuntes
356 369 714 424 pinnatipartili8‚
744 369 928 412 caulinis
952 371 1637 426 semiamplexicauli—auriculatis
1664 380 1828 426 laciniis

128 429 338 483 angustis,
356 427 558 483 capitulis
584 428 782 471 maximis
804 428 993 482 globosis
1016 430 1128 472 foliis
1145 433 1326 475 summis
1354 434 1484 477 flores
1509 450 1593 478 non
1617 452 1828 493 superan-

129 488 247 531 tibus
286 487 534 537 bracteatis,
580 487 796 530 involucri
846 487 968 531 valde
1014 491 1385 534 araneoso-lanati
1436 495 1593 548 phyllis
1641 504 1824 551 anguste

128 545 521 590 lineari-subulatis
542 546 588 588 in
615 546 784 600 spinam
808 549 983 589 tenuem
1012 548 1135 601 longe
1169 552 1402 594 attenuatis
1433 554 1611 607 integris
1641 556 1826 601 inlerhis

128 605 322 660 exceptis
344 606 465 661 apice
490 606 688 648 recurvis
715 605 782 647 vel
804 606 1052 659 patentibus
1078 608 1146 662 .-
1166 607 1204 650 C.
1231 609 1515 662 eriophoram
1540 613 1665 668 Scop.
1698 614 1824 659 Carn.

128 678 170 720 p.
202 666 312 707 1008
337 688 391 694 —
416 665 531 718 Jacq.
557 664 710 707 Auslr.
736 664 818 707 tab.
857 665 930 707 171
959 689 1019 695 —
1054 667 1185 709 Rchb.
1213 670 1296 710 tab.
1326 671 1394 712 91.
1419 696 1475 700 —
1512 672 1669 714 (Inicus
1691 687 1827 726 cyna-

128 724 275 826 goidcis
299 722 348 824 ΙΙῬΙΙ
386 722 626 825 G1·22135c.4!lX⁷
652 737 690 778 p.
718 724 787 775 ΞΟ,
812 724 898 766 tab.
925 726 1032 767 828!
1057 731 1100 768 et
1123 727 1218 769 ideo
1246 728 1277 769 C
1318 729 1628 781 Propon-ticum
1655 732 1824 775 GrISeb.

161 796 242 837 pici
265 817 273 824 .
348 817 357 834 ‚
382 796 422 837 p.

175 856 277 892 Hab.
299 857 339 892 in
359 856 589 893 Macedonia
605 858 798 904 superiori
815 858 915 894 circa
928 858 1071 895 Bitolia
1088 859 1258 906 (Orphll,
1278 862 1327 896 ad
1346 862 1480 897 littora
1499 864 1747 909 Propontidis
1764 867 1828 909 (ex

126 903 252 939 Sibth.
271 905 340 940 sed
362 904 466 940 hunc
484 904 616 941 locum
634 915 705 952 pro
724 906 852 952 specie
870 906 1084 953 subalpina
1102 918 1308 944 erroneum
1328 920 1412 944 esse
1431 910 1633 956 suspicor).

173 968 234 1004 Ar.
257 968 392 1013 Geoqr.
421 967 580 1014 Europa
596 969 725 1004 media
744 969 796 1004 ab
817 969 974 1015 Anglia,
1004 970 1152 1015 Belgio,
1175 971 1388 1007 Germania
1414 973 1543 1008 media
1570 974 1618 1007 ad
1647 974 1830 1012 Rossiam

128 1015 299 1050 mediam
317 1019 354 1051 et
375 1015 601 1061 australem,
620 1016 853 1063 Hispaniam
872 1017 1083 1057 borealem,
1101 1018 1254 1053 Italiam
1275 1020 1457 1063 mediam,
1478 1020 1732 1057 Dalmatiam.

190 1131 257 1172 19.
294 1130 359 1182 0.,
382 1131 737 1186 lappaceum
766 1129 895 1186 (MR.
939 1133 1069 1174 Taur.
1106 1131 1229 1174 Cauc.
1269 1133 1321 1186 Π,
1356 1147 1394 1187 p.
1439 1135 1521 1175 277
1560 1136 1641 1178 sub
1680 1136 1832 1191 Gna-0)

129 1189 251 1234 caule
270 1190 371 1244 plus
388 1190 532 1232 minus
548 1202 760 1233 araneoso
782 1202 976 1244 superne
994 1192 1247 1245 corymboso
1267 1193 1491 1236 interdum
1509 1195 1829 1245 subracemos0‚

128 1249 243 1293 foliis
273 1261 407 1303 supra
439 1249 637 1303 strigosis
666 1248 826 1293 subtus
857 1251 1113 1293 tomentosis
1143 1251 1259 1292 canis
1289 1251 1334 1293 in
1363 1253 1539 1295 lacinias
1575 1253 1834 1296 lanceolalas

129 1307 290 1362 saepius
315 1308 546 1362 bipartitus
575 1309 621 1352 in
647 1310 796 1364 spinas
822 1311 979 1353 tenues
1014 1310 1196 1352 flavidas
1233 1310 1445 1353 abeuntes
1477 1312 1832 1365 pinnatipartitis,

129 1367 312 1412 caulinis
326 1368 731 1422 amplexicaulibus,
748 1368 951 1423 capitulis
967 1369 1197 1412 sessilibus
1221 1371 1289 1411 vel
1313 1369 1507 1412 breviter
1528 1370 1833 1424 pedunculatis

127 1427 174 1470 in
206 1426 351 1470 axillis
381 1427 689 1482 superioribus
720 1427 1114 1482 terminalibusque
1146 1428 1334 1482 globosis
1362 1429 1474 1471 foliis
1502 1430 1633 1471 flores
1658 1441 1834 1484 aequan-

127 1486 247 1530 tibus
284 1486 353 1528 vel
401 1486 801 1541 subsuperantibus
848 1486 1104 1541 bracteatis‚
1151 1488 1367 1530 involucri
1408 1488 1569 1541 phyllis
1610 1488 1834 1541 adpressis

126 1546 180 1589 ab
196 1545 360 1588 infimis
385 1546 439 1589 ad
466 1545 697 1600 superiora
720 1547 846 1590 valde
872 1547 1080 1600 elongatis
1103 1548 1326 1589 araneosis
1351 1547 1395 1589 in
1423 1548 1592 1600 spinam
1624 1548 1830 1589 tenuissi-

129 1617 241 1648 mam
265 1606 428 1649 nudam
447 1605 517 1647 vix
536 1611 802 1661 pungentem
826 1607 1311 1660 subrecurvo-patulam
1337 1607 1480 1648 rarius
1499 1606 1830 1649 erectiusculam

128 1663 395 1709 abeuntibus
429 1664 498 1719 &-
541 1665 745 1709 Carduus
770 1664 983 1708 Kos-mclii
1011 1665 1186 1707 Adams.
1224 1690 1274 1694 -
1310 1664 1349 1707 C.
1388 1664 1597 1706 Kosmeliz'
1621 1663 1759 1706 Fisch.
1790 1665 1833 1706 in

129 1723 291 1766 Ledeb.
312 1725 375 1767 Fl.
398 1724 524 1766 Ross.
549 1725 603 1779 ΙΙ,
628 1738 669 1780 p.
698 1726 794 1768 730.
817 1749 876 1756 —
896 1725 940 1768 C.
966 1723 1222 1777 lam'florum
1245 1745 1268 1784 y
1294 1723 1547 1765 sabaudum
1569 1736 1647 1765 nc.
1676 1723 1829 1764 Prodr.

130 1781 203 1836 VI,
231 1795 273 1837 p.
304 1784 418 1826 6381
448 1807 501 1815 —
530 1783 571 1827 C.
595 1784 868 1827 succinctum
890 1783 1048 1828 Ledeb.
1075 1783 1152 1826 loc.
1179 1785 1250 1826 cit.
1283 1798 1324 1838 p.
1359 1783 1465 1825 732!
1509 1808 1553 1812 -
1591 1781 1631 1824 C.
1650 1780 1834 1834 penicil-

134 1840 274 1884 latum
298 1842 342 1885 C.
366 1843 486 1886 Koch
510 1842 635 1886 Linn.
664 1844 827 1896 XXIII,
853 1858 894 1899 p.
924 1844 1008 1886 399
1036 1843 1194 1898 (forma
1216 1842 1410 1885 anthei-is
1435 1841 1699 1895 abortivisl).

179 1914 284 1951 Hah.
304 1916 345 1952 in
360 1916 535 1953 Caucaso
552 1917 701 1954 Iberico
719 1917 870 1963 (M.B.),
890 1917 1062 1963 Georgia
1080 1916 1292 1952 Caucasica
1310 1916 1473 1961 (Hohl),
1491 1924 1600 1962 prov.
1623 1913 1834 1958 Karabagh

131 1960 251 2006 (Szov
263 1965 301 2009 l),
319 1963 485 2010 Talysch
499 1964 658 2011 (Hohl).

190 2027 234 2082 β.
255 2027 410 2081 ferox.
435 2055 488 2060 -
514 2030 736 2074 Foliorum
760 2030 924 2073 laciniae
945 2031 990 2073 in
1015 2030 1165 2083 spinas
1192 2028 1328 2071 flavas
1353 2027 1589 2070 validiores
1619 2025 1837 2078 longiores

132 2086 357 2141 abeuntes,
380 2089 581 2132 foliorum
604 2089 826 2133 floralium
848 2090 985 2144 spinae
1014 2088 1165 2131 validae
1191 2088 1390 2142 capitulis
1418 2085 1637 2128 interdum
1667 2087 1683 2126 1
1714 2084 1838 2139 ¹s'2-‘2-

131 2145 202 2200 plo
230 2146 465 2201 longiores.

178 2220 280 2257 Hah.
298 2221 339 2257 in
357 2222 558 2259 sterilibus
578 2223 737 2259 Pisidiae
768 2233 889 2270 prope
913 2222 1120 2268 Beychehr
1138 2221 1228 2256 etin
1249 2221 1406 2265 regione
1425 2219 1622 2264 superiore
1638 2217 1835 2252 montium

133 2265 350 2305 Boudroun
373 2273 411 2305 et
433 2271 606 2306 Anemas
628 2270 859 2307 5000’-6000’
886 2270 1073 2315 (Heldrl),
1091 2269 1223 2304 Tauro
1248 2268 1404 2302 Cilicico
1426 2267 1476 2301 ad
1502 2266 1630 2300 lacum
1653 2263 1836 2299 Kosehan

133 2313 262 2361 (Kyl),
277 2316 412 2352 Persia
428 2317 580 2354 boreali
597 2318 637 2353 in
655 2321 790 2353 monte
808 2317 996 2353 Totschal
1017 2326 1137 2363 prope
1155 2315 1332 2351 Teheran
1355 2314 1446 2358 (By.
1467 2312 1490 2348 2
1509 2314 1546 2347 et
1561 2311 1680 2356 6401).

194 2398 235 2438 y.
273 2383 575 2425 tomentosum.
606 2406 663 2413 -
697 2381 853 2425 Caules
890 2385 939 2425 ut
969 2385 1054 2424 tota
1094 2380 1238 2434 planta
1274 2383 1315 2421 et
1342 2377 1525 2432 capitula
1564 2376 1699 2428 magis
1727 2375 1836 2425 cani,

134 2438 461 2484 infloresceutia
478 2441 614 2495 magis
629 2453 867 2491 racemosa,
885 2440 1072 2495 capitula
1090 2439 1218 2494 paulo
1239 2438 1418 2480 minora.
1440 2461 1494 2466 —-
1517 2435 1557 2478 C.
1581 2433 1838 2486 laniflorum

134 2497 165 2552 β
189 2497 521 2542 Szovitsianum
545 2512 627 2543 n.c.
651 2500 807 2543 Prodr.
833 2499 903 2552 VI,
931 2513 971 2554 p.
997 2499 1097 2541 638.

182 2571 288 2607 Hah.
308 2572 348 2607 in
368 2573 492 2619 pratis
508 2572 684 2609 humidis
704 2573 900 2615 montium
924 2571 1162 2608 Richnaedel
1183 2574 1219 2605 et
1238 2568 1470 2614 Ormangini
1490 2564 1838 2617 GeorgiaeCauca-

135 2618 225 2654 sicae
243 2619 366 2664 (Hoh.
387 2619 463 2656 sub
482 2619 520 2656 C.
540 2619 783 2667 lappaceo!)‚
801 2620 1004 2656 montibus
1022 2616 1289 2663 Arekligeduk
1311 2626 1417 2668 prov.
1438 2613 1649 2668 Karabagh
1667 2611 1785 2658 (Szov
1797 2612 1840 2655 l),

133 2665 469 2759 gelasisslpssrealis
487 2667 529 2703 in
546 2670 681 2704 monte
695 2667 858 2714 DJulfek
875 2667 967 2703 Kuh
982 2665 1124 2711 (Auen.
1137 2665 1228 2700 4817
1244 2666 1269 2708 1)
1288 2668 1325 2699 et
1342 2662 1458 2698 occid.
1478 2672 1516 2696 m
1536 2661 1667 2695 monte
1682 2657 1837 2693 Elvend

195 2777 233 2822 δ.
260 2778 509 2822 Hermonis.
536 2803 594 2809 —
631 2777 787 2823 Totum
813 2782 859 2822 ut
887 2792 979 2821 var.
1013 2798 1038 2838 γ
1073 2777 1491 2819 cano-tomentosum
1528 2771 1604 2813 sed
1638 2769 1839 2835 folio-rum

137 2837 302 2880 laciniae
339 2837 585 2882 crebriores
625 2839 855 2882 breviores
903 2841 945 2881 et
988 2835 1310 2879 inflorescentia
1348 2831 1617 2885 corymbosa.
1653 2828 1842 2882 capitula

139 2907 279 2950 magn.
305 2897 456 2941 formae
478 2898 646 2953 typicae.
676 2922 731 2928 —
769 2896 809 2940 C.
838 2895 1074 2939 Hermonis
1103 2895 1237 2936 Boiss.
1263 2893 1412 2944 Diagn.
1441 2890 1531 2931 Ser.
1558 2889 1611 2941 ll,
1639 2888 1678 2939 3,
1701 2900 1742 2941 p.
1770 2887 1838 2928 40.

185 2968 290 3005 Hah.
320 2969 359 3005 in
392 2981 433 3007 re
462 2971 551 3007 ione
575 2971 769 3018 superiori
797 2969 1008 3006 Hermonis
1035 2979 1155 3015 supra
1182 2965 1387 3010 Rascheya
1418 2962 1596 3008 (Boissl),
1626 2960 1766 2995 Libani
1793 2958 1843 2994 ad

139 3013 286 3053 Cedros
304 3016 397 3063 (131¹,
453 3028 489 3064 y.
505 3016 624 3065 3161),
642 3019 743 3054 inter
757 3017 971 3062 Yamouny
988 3018 1026 3052 et
1044 3015 1204 3051 Dimam
1221 3012 1286 3057 (131
1298 3014 1336 3057 1).
1441 3017 1442 3020 ’
