2090 3291
267 250 340 286 868
996 262 1243 288 COMPOSITAE.
1719 256 1952 297 Hz'craczum
1964 289 1968 294 .

269 341 404 377 totum
433 339 591 389 praetcr
619 332 777 387 pubem
803 335 1023 376 minimam
1048 334 1267 377 stellatam
1296 335 1394 388 pilis
1421 336 1631 380 flexuosis
1654 339 1972 393 plumoso-sca-

267 395 358 436 bris
376 395 592 437 villosum.
605 393 713 434 foliis
731 394 935 435 rosulatis
953 394 1115 435 teneris
1130 394 1583 447 oblongo-lanceolaiis
1601 398 1740 441 acutis
1761 400 1973 454 repando—

265 454 542 495 denticulatis
573 452 659 493 basi
689 453 833 493 sessili
859 453 1107 498 attenuatis.
1135 452 1331 496 caulibus
1360 454 1411 495 ad
1440 456 1503 497 vel
1528 456 1615 509 jam
1641 456 1751 500 infra
1780 459 1969 501 medium

268 513 452 555 ramosis
481 511 767 562 ‘2-5-cepbalis
803 512 971 553 inferne
1007 512 1121 554 foliis
1159 512 1233 553 02-3
1268 512 1494 555 diminutis
1528 519 1568 556 et
1601 514 1652 556 ad
1691 515 1971 561 dicliotomias

266 576 449 623 anguste
481 569 718 612 linearibus
750 570 918 612 obsitis.
953 571 1152 623 capitulis
1178 570 1474 614 ‘mediocribus
1503 573 1626 626 longe
1656 574 1971 626 pedunculatis.

262 630 476 672 involucri
509 630 622 683 pube
657 630 831 671 minima
873 630 1058 683 pilisque
1094 630 1463 683 adpressiusculis
1498 632 1606 674 albis
1643 634 1772 676 obsiti
1809 635 1968 689 phyllis

261 688 499 730 linearibus
521 689 672 734 acutis,
693 687 834 742 ligulis
853 689 1020 730 inferne
1040 694 1167 730 extus
1188 689 1327 738 hirtis,
1345 691 1535 732 acheniis
1556 691 1686 734 fuscis
1714 698 1750 739 ’κ
1769 726 1776 734 .
1797 693 1849 735 Η.
1870 706 1967 736 ver-

259 752 410 789 sutam
435 747 549 789 Friv.
576 759 628 788 ex
652 746 824 789 Griseb.
856 747 1016 789 Corum.
1045 761 1082 801 p.
1107 748 1175 789 63.
1201 747 1334 790 Rclib.
1358 748 1444 791 tab.
1477 751 1574 792 198!
1602 773 1656 781 —
1682 750 1732 792 H.
1763 751 1965 794 villosum

262 806 435 848 Griseb.
468 806 613 860 Spicil.
646 806 697 854 ΙΙ,
727 820 768 861 p.
799 807 901 848 271!

309 888 410 924 Hab.
428 890 465 924 in
482 890 647 936 rupibus
664 891 810 925 montis
828 890 1022 925 Kortbiati
1040 890 1258 937 peninsula'e
1272 890 1514 926 Chalcidicas
1529 891 1634 927 2510&
1646 892 1800 932 (Heldrl
1816 893 1923 940 Orph
1934 896 1964 938 l).

308 962 417 997 Folia
436 963 623 998 radicalia
641 963 1029 1010 1¹J2-21s2-pollicaria
1046 963 1110 998 52⁸3
1130 963 1253 998 lineas
1273 963 1361 1007 lata,
1381 974 1421 999 ca
1431 963 1513 999 ules
1532 974 1619 999 cum
1641 965 1873 1012 pedunculis
1897 968 1962 1002 vix

261 1009 418 1055 pedales
450 1011 505 1045 eis
532 1009 578 1045 H.
604 1010 794 1056 Taygyetez'
816 1011 1015 1046 tenuiozes
1066 1011 1342 1046 Indumentum
1376 1014 1491 1046 tenue
1521 1015 1557 1046 et
1589 1012 1754 1048 achenia
1787 1014 1895 1049 fusca
1914 1014 1963 1049 H.

260 1056 467 1093 Parnassi.
484 1057 551 1092 sed
567 1058 660 1093 tolia
676 1062 800 1095 acuta.
813 1058 948 1104 ligulae
966 1058 1048 1093 basi
1069 1061 1220 1093 tantum
1242 1057 1441 1099 lanatulae,
1456 1058 1651 1094 involucri
1670 1059 1740 1106 pili
1753 1071 1830 1096 non
1846 1062 1965 1106 nigri-

256 1108 402 1138 cantes.
421 1104 467 1139 H.
488 1104 662 1141 Achoum
691 1105 843 1140 Griseb.
863 1107 901 1140 in
935 1105 1150 1140 pann-›orei‹
1174 1105 1272 1140 Adn.
1295 1116 1331 1152 p.
1349 1106 1396 1141 52
1423 1106 1552 1151 quoad
1580 1105 1757 1152 plantam
1788 1108 1958 1144 Athoam

255 1150 330 1186 huc
350 1152 626 1188 verosimiliter
645 1155 801 1199 spectat.

319 1284 384 1324 23.
421 1284 488 1326 H.
526 1283 888 1328 Heldreichii
925 1287 1087 1340 (Boiss.
1129 1285 1274 1338 biagn.
1313 1284 1406 1327 Ser.
1443 1285 1496 1329 Il.
1534 1286 1576 1333 3
1615 1299 1652 1339 p.
1686 1287 1786 1340 10⁶2)
1822 1292 1959 1331 totum

257 1342 355 1390 pilis
387 1343 597 1396 elongatis
630 1345 791 1398 patulis
819 1345 1205 1398 plumoso-scabris
1231 1345 1424 1387 tenuiter
1450 1345 1667 1394 villosum,
1695 1345 1805 1389 foliis
1835 1359 1958 1390 rosu-

252 1401 352 1443 lalis
384 1402 549 1443 teneris
583 1403 988 1457 obovato-oblongis
1024 1404 1339 1446 obtusiusculis
1372 1404 1686 1446 mucronulatis
1723 1405 1813 1448 basi
1853 1410 1960 1449 atte-

253 1462 384 1501 nuata
403 1461 716 1504 subsessilibus
733 1464 914 1517 integris
935 1463 999 1505 vel
1022 1464 1186 1504 inferne
1207 1462 1796 1517 repando-subdenticulat-is,
1815 1466 1958 1519 scapis

250 1518 456 1562 tenuibus
490 1521 812 1574 monoceplialis
838 1522 899 1563 vel
938 1523 1097 1574 saepiiis
1125 1522 1367 1564 dichotome
1397 1522 1468 1563 2-5
1491 1521 1697 1576 cephalis.
1732 1525 1957 1576 pedicellis

249 1579 461 1631 elongatis
500 1581 811 1633 squamulosis‚
854 1581 965 1622 foliis
1005 1581 1186 1622 caulinis
1235 1581 1299 1621 Ι-Ξ).
1341 1580 1393 1622 ad
1436 1580 1719 1623 dichotomias
1762 1583 1955 1626 minimis

248 1635 502 1683 linearibus,
520 1639 718 1691 capitulis
738 1639 1042 1685 mediocribus,
1064 1641 1274 1681 involucri
1295 1643 1454 1693 praeter
1472 1640 1630 1694 pubem
1650 1640 1952 1685 brevissimam

247 1707 464 1738 ramosam
494 1698 702 1750 palentini
732 1698 872 1740 villosi
904 1700 1062 1753 phyllis
1088 1700 1240 1741 acutis.
1270 1699 1415 1752 ligulis
1441 1699 1618 1753 glabris.
1643 1700 1834 1742 acheniis
1867 1702 1953 1755 pal-

250 1753 347 1795 lidis
379 1761 435 1802 26.

294 1827 392 1862 Hab.
413 1828 462 1863 ad
492 1840 607 1876 rupes
637 1830 673 1865 in
705 1831 861 1875 regione
883 1831 1072 1876 sylvatica
1095 1831 1271 1867 Arcadia}
1300 1832 1347 1867 ad
1373 1833 1502 1867 lacum
1523 1832 1697 1868 Phemon
1717 1832 1947 1869 aino-350&

245 1874 432 1920 (Helm-l),
455 1877 493 1911 in
514 1880 644 1912 monte
665 1878 809 1913 Parnes·
829 1879 966 1914 Atticae
985 1879 1138 1923 (Sartll.
1160 1879 1215 1914 Fl.
1234 1879 1310 1914 Jul.

292 1947 400 1983 Folia
427 1947 717 1995 3-4-pollicaria
736 1951 802 1993 1¹s‘2
823 1950 915 1996 poll.
945 1951 1038 1994 lata,
1056 1952 1163 1998 scapi
1196 1952 1298 1994 ‘sa-1·
1329 1952 1475 1988 edales.
1498 1952 1610 1987 Facie
1630 1951 1677 1988 H.
1696 1952 1887 1989 sericeum
1913 1956 1951 1988 et

243 1995 459 2031 samatz‘lem
477 1996 602 2040 refert,
621 1997 688 2038 sed
722 1998 856 2043 ligulae
875 2009 950 2034 non
971 1999 1111 2034 ciliatw
1129 2012 1135 2035 :
1155 1999 1204 2034 ab
1224 1998 1271 2035 H.
1332 2000 1494 2036 arnassi
1510 2000 1606 2034 facie
1635 1999 1755 2035 simili
1776 1999 1949 2036 flosculis

243 2042 392 2087 glabris
409 2045 447 2078 et
465 2043 638 2079 acheniis
660 2055 737 2080 non
759 2047 854 2080 atris
873 2046 1038 2081 discedit

301 2174 368 2214 24.
402 2174 468 2217 Η.
506 2175 946 2229 pilosissimum
981 2179 1118 2225 (Μὶν.
1162 2179 1223 2221 Fl.
1272 2180 1395 2230 1836,
1440 2193 1481 2233 p.
1524 2179 1630 2234 436)
1666 2183 1801 2222 totum
1848 2179 1945 2233 pilis

238 2233 399 2285 patulis
419 2233 627 2276 flexuosis
649 2236 1033 2287 plumoso-scabris
1052 2238 1246 2281 tenuiter
1263 2238 1482 2282 villosum.
1507 2238 1628 2281 caule
1647 2239 1758 2281 elato
1777 2238 1944 2281 inferne

237 2290 389 2333 folioso
417 2305 608 2347 superne
635 2294 876 2338 dichotome
902 2300 943 2339 et
979 2297 1336 2340 subdivariculim
1377 2299 1469 2341 laxe
1505 2298 1943 2351 paniculato-corym-

236 2349 344 2391 boso
369 2350 677 2407 oligocephalo.
696 2354 809 2396 soliis
836 2356 1040 2398 rosulatis
1058 2356 1251 2408 oblongis
1281 2357 1486 2411 repandis
1507 2356 1645 2399 acutis
1666 2358 1708 2398 iu
1737 2357 1939 2410 petiolum

237 2406 417 2465 brevem
433 2410 556 2454 valde
572 2412 763 2455 lanatum
780 2416 1029 2464 attenuatis,
1042 2415 1225 2458 caulinis
1238 2416 1519 2459 inferioribus
1537 2415 1763 2458 diminutis
1783 2415 1941 2458 rameis

233 2468 635 2520 squamiformibus.
663 2472 917 2525 pedunculis
952 2474 1091 2528 longis
1127 2473 1240 2529 pube
1285 2476 1404 2517 brevi
1443 2474 1774 2518 canescentibus
1812 2486 1938 2528 parce

234 2526 408 2578 setosis,
434 2529 634 2583 capitulis
657 2530 962 2582 mediocribus,
986 2533 1198 2576 involucrl
1234 2539 1393 2588 praeter
1419 2534 1572 2588 pubem
1609 2533 1786 2575 brevem
1812 2534 1938 2576 visci-

233 2584 380 2627 dulam
420 2588 614 2642 undique
652 2590 782 2632 setosi
815 2591 974 2645 phyllis
1001 2594 1276 2641 acuminatis,
1305 2594 1448 2647 ligulis
1481 2597 1610 2636 extus
1644 2593 1793 2646 pilosis
1819 2593 1938 2646 apice

229 2643 408 2696 glabris,
435 2646 625 2690 aelieniis
654 2649 827 2703 pallidis
861 2656 920 2697 26.
952 2650 1003 2692 H.
1031 2651 1326 2694 divaricatum
1355 2653 1423 2694 Fr.
1451 2653 1595 2706 Epicr.
1629 2654 1695 2694 78.
1783 2662 1786 2664 ·

231 2715 651 2810 lcgzlhinffiumelia
678 2721 726 2757 ad
754 2722 965 2760 Bazandeli
994 2725 1128 2761 oldula
1148 2725 1268 2770 (Friv.
1290 2726 1328 2761 in
1362 2726 1471 2762 herb.
1494 2726 1610 2762 Arch.
1632 2725 1818 2771 Haynald
1846 2735 1934 2761 cum

405 2776 444 2800 ss
486 2795 492 2801 .

275 2837 417 2874 Pedale
446 2839 508 2875 vel
530 2841 816 2888 sesquipedam,
841 2844 934 2879 folia.
962 2845 1104 2880 ro-ulae
1127 2846 1412 2893 4·.‘'›-pollicaria
1440 2847 1555 2890 ‘1:172
1582 2847 1675 2906 poll.
1709 2846 1801 2889 lata,
1823 2847 1933 2893 pani-

226 2883 325 2936 cula·r
346 2886 443 2921 rami
467 2887 754 2936 pedunculique
773 2890 956 2936 elongati.
972 2892 1143 2938 capitula
1163 2895 1239 2929 fere
1261 2895 1410 2929 minora
1428 2895 1483 2929 eis
1499 2893 1542 2930 H
1564 2894 1828 2931 Chalciden-iet
1842 2892 1931 2929 Hel-

225 2930 393 2967 drenfhfz·
407 2933 551 2979 quibus
569 2935 685 2971 affine
702 2941 770 2977 est,
790 2937 893 2973 foliis
921 2944 1057 2981 acutis,
1079 2941 1261 2986 panicula
1280 2941 1505 2978 divaricata.
1524 2942 1672 2988 phyllis
1694 2941 1932 2985 acuminatis

223 2976 442 3061 piscaleps,
461 2981 513 3016 ab
533 2981 579 3016 H.
603 2981 805 3030 Olympico
824 2986 898 3019 suli
917 2987 1052 3022 eodem
1075 2989 1230 3023 nomine
1252 2991 1290 3023 ut
1315 2988 1466 3023 videtur
1485 2999 1508 3024 a
1526 2988 1570 3024 cl.
1591 2989 1682 3024 Friv
1718 2987 1930 3023 distributo

241 3035 341 3070 onge
360 3037 379 3060 a
404 3038 544 3063 lenum.
