2090 3291
235 254 305 290 943
910 258 1261 285 CAMPANULACEAE.
1652 249 1925 287 Podanthum.

234 337 306 387 tiS‚
338 333 527 377 floribus
568 333 794 376 sessilibus
827 333 900 375 2-55
939 331 980 373 in
1015 331 1277 385 glomerulos
1314 332 1491 375 sessiles
1531 336 1721 376 remotos
1759 333 1932 376 bractea

234 394 448 437 cucullata
474 389 965 435 reniformi-orb'iculata
997 390 1257 433 denticulata
1294 391 1705 444 semiamplexicauli
1731 392 1932 435 suftultos

235 452 476 506 dispositis,
513 451 671 504 calycis
697 450 979 503 glabriusculi
1013 449 1178 492 laciniis
1216 450 1297 493 late
1332 449 1580 505 lanceolatis
1610 450 1714 493 tubo
1740 451 1933 493 breviter

234 511 456 555 turbinato
481 509 612 563 duplo
636 509 905 563 longioribus
923 508 1082 550 corolla
1106 508 1282 551 dimidio
1304 508 1596 560 brevioribuS,
1613 510 1790 563 capsula
1809 511 1935 552 ovata

236 570 327 612 basi
357 569 591 612 rotundata
614 569 733 623 poris
759 566 857 611 latis
888 567 970 609 sub
994 566 1111 622 apice
1141 567 1235 609 sitis
1263 567 1511 609 dehiscente
1536 567 1604 622 (ἓ).
1633 568 1680 610 P.
1708 567 1934 619 limonz'so-

237 629 346 670 lium
374 627 535 670 C.A.M.
566 627 719 669 Enum.

283 703 385 738 Hab.
417 702 457 737 in
487 701 664 736 dumosis
694 699 895 735 montanis
927 703 963 735 et
994 699 1215 746 subalpinis
1244 709 1355 746 prov.
1389 699 1729 735 Transcaucasicae
1761 700 1934 746 Talysch

236 748 467 785 stood-600&
486 747 592 792 (CA.
611 747 751 793 Mey!)‚
773 747 916 782 Persiae
936 747 1018 782 bor.
1035 747 1131 793 jugo
1152 746 1381 782 Elbrusensi
1400 747 1441 782 in
1462 749 1593 783 monte
1616 747 1774 791 Djulfek
1792 747 1933 791 (Auch.

239 797 380 841 4912i),
401 796 451 831 ad
470 796 620 831 radices
648 795 793 830 montis
822 793 1054 829 Demavend
1077 804 1196 840 prope
1217 793 1301 829 Ask
1320 793 1412 839 (Ky.
1431 794 1547 840 3691),
1567 793 1936 841 prov.‘Aderbidjan

236 845 284 879 ad
305 843 501 879 Seidabad
522 852 643 889 prope
661 841 803 877 Tabris
823 841 921 887 (Bge
934 842 967 885 l),
984 842 1022 876 in
1038 841 1245 876 montibus
1258 840 1424 885 Sawers,
1441 841 1616 877 Eschker
1630 842 1771 877 Persiae
1786 845 1936 878 austro-

236 891 356 926 occid.
378 890 554 934 (Haussk
570 891 605 934 ἔ).

283 953 503 1000 Tripedale‚
522 953 641 988 iacies
660 951 708 987 P.
730 950 1028 997 cz'chorz'sormz's‚
1055 951 1105 986 ab
1131 961 1189 995 eo,
1219 950 1264 986 P.
1282 951 1449 997 υίνραιο,
1470 950 1744 1005 Cappadocz'co
1771 951 1936 988 bracteis

238 1000 382 1047 amplis
403 999 607 1035 cucullatis
624 998 771 1044 calycis
791 999 929 1034 tubum
949 997 1251 1042 occultantibus,
1273 998 1442 1046 capsulis
1462 999 1676 1044 maJorihus
1697 1000 1838 1035 eximie
1857 998 1935 1035 dis-

234 1049 408 1083 tinctum.
430 1047 562 1082 Flores
583 1046 839 1093 submajores.

938 1175 978 1211 Β,
1013 1176 1231 1212 Psamsm.

303 1302 339 1342 7.
374 1300 432 1343 P.
464 1297 943 1355 psilostachyum
981 1297 1140 1351 (Boiss.
1180 1297 1336 1351 Diagn:
1369 1296 1462 1340 Ser.
1505 1297 1555 1339 11.
1591 1299 1630 1339 3.
1667 1310 1706 1351 p.
1747 1299 1827 1340 113
1855 1299 1936 1341 sub

241 1358 534 1413 Campanam)
568 1358 725 1413 pallide
764 1358 911 1399 virens
939 1358 992 1400 ad
1029 1358 1173 1399 caules
1209 1360 1251 1399 et
1284 1368 1442 1399 nervos
1471 1356 1552 1399 sub
1580 1357 1695 1399 lente
1730 1369 1864 1411 parce
1897 1360 1938 1401 et

236 1419 430 1462 breviter
457 1422 702 1460 retrorsum
724 1414 1019 1459 scabridulum
1046 1419 1249 1458 caeterum
1275 1415 1495 1468 glabrum,
1518 1415 1662 1459 radice
1690 1416 1937 1460 caudiculos

238 1482 394 1521 tenues
418 1477 586 1519 rosulas
606 1475 778 1518 steriles
802 1475 980 1518 edentes
1006 1476 1244 1525 emittente,
1269 1473 1466 1517 caulibus
1491 1475 1616 1517 elatis
1636 1476 1829 1518 tenuiter
1851 1476 1938 1518 vir-

241 1537 350 1590 gatis
369 1534 883 1590 simplicissimisinferne
907 1534 1069 1577 foliosis
1091 1534 1133 1576 in
1149 1535 1308 1587 spicam
1325 1534 1494 1587 longam
1518 1537 1693 1576 tenuem
1721 1534 1937 1588 aphyllam

239 1597 530 1650 interruptam
555 1595 621 1635 vel
643 1593 964 1636 densiusculam
991 1592 1265 1636 abeuntibus.
1283 1592 1396 1635 foliis
1420 1593 1699 1637 inferioribus
1722 1594 1937 1646 congestis

237 1653 574 1697 ovato-cordatis
587 1654 743 1695 obtuse
768 1652 955 1694 crenatis
977 1652 1133 1707 petiolo
1154 1652 1217 1693 eis
1237 1651 1427 1705 longiore
1444 1651 1650 1703 suffultis,
1667 1652 1938 1695 intermediis

238 1713 435 1766 oblongis
454 1711 652 1755 breviter
669 1711 889 1764 petiolatis
906 1710 1211 1766 superioribus
1231 1711 1456 1753 diminutis
1474 1711 1941 1764 oblongo-acuminatis

237 1777 280 1815 et
303 1772 552 1814 lanceolatis
576 1770 667 1813 basi
694 1771 837 1813 sessili
861 1771 1112 1813 attenuatis.
1138 1770 1320 1812 floribus
1346 1770 1494 1825 parvis
1523 1771 1595 1813 1-5
1621 1770 1938 1813 subsessilibus

235 1831 535 1885 glomer-ulatis
558 1830 731 1872 bractea
757 1829 959 1872 subulala
981 1829 1186 1883 suffultis,
1210 1830 1366 1881 calycis
1388 1828 1638 1882 glaberrimi
1659 1829 1825 1872 laciniis
1848 1830 1939 1872 lan·

235 1889 637 1932 ceolato-subulatis
661 1888 764 1931 tubo
786 1888 951 1931 sulcato
971 1893 1151 1941 anguste
1171 1889 1373 1932 obconico
1389 1887 1744 1941 sublongioribus
1760 1889 1940 1943 patulis,

234 1949 392 1992 corolla
414 1949 721 1991 caerulescente
742 1947 946 1991 tubulosa
969 1947 1022 1989 ad
1040 1949 1105 1989 vel
1127 1949 1241 1991 ultra
1260 1947 1451 1990 medium
1469 1948 1514 1990 in
1535 1948 1710 1990 lacinias
1736 1947 1940 2001 oblongo-

234 2008 422 2050 lineares
458 2009 617 2062 partita
654 2007 818 2049 laciniis
854 2006 1012 2060 calycis
1059 2008 1128 2048 vix
1166 2007 1298 2061 duplo
1338 2006 1546 2060 longiore,
1581 2006 1769 2061 capsulae
1803 2010 1941 2049 ovatae

234 2067 412 2109 minutae
437 2066 648 2121 profunde
674 2067 851 2108 sulcatae
875 2066 1013 2108 valvis
1040 2066 1091 2107 ad
1121 2066 1307 2109 medium
1335 2066 1430 2108 sitis
1464 2072 1523 2112 26.

282 2139 381 2174 Hab.
401 2139 438 2174 in
465 2140 605 2185 pinetis
627 2141 663 2174 et
681 2139 845 2175 cedi-etis
866 2139 1040 2184 regionis
1065 2141 1263 2175 montanae
1286 2142 1320 2175 et
1348 2138 1570 2186 subalpinae
1594 2138 1753 2182 Ciliciae,
1775 2137 1941 2174 Kechlik

233 2196 354 2233 prope
372 2186 542 2222 Mersina
560 2186 651 2231 (Bal
662 2188 699 2231 1),
717 2186 871 2222 Taurus
892 2186 1074 2223 Cilicicus
1093 2187 1239 2222 4-5000·
1259 2187 1339 2233 (Ky
1351 2189 1389 2231 1),
1405 2186 1501 2222 ditio
1519 2186 1670 2222 Kassan
1692 2185 1795 2232 Oglu
1813 2186 1941 2232 (Kyl).

283 2249 424 2285 Caules
444 2252 580 2285 tenues
599 2251 617 2285 1
637 2250 723 2294 ’ἴε-Ξ),
744 2250 979 2297 ‘s'2-pedales‚
1007 2251 1190 2286 foliorum
1218 2251 1451 2287 radicalium
1479 2251 1630 2286 lamina
1656 2250 1855 2297 pollicaris
1878 2250 1943 2286 8-9

233 2296 289 2332 lin
315 2297 408 2332 lata.
426 2297 539 2343 Spica
556 2297 723 2333 florifera
734 2298 824 2334 laxa
839 2298 1037 2334 fructifera
1052 2298 1180 2344 magis
1200 2309 1283 2334 com
1302 2302 1413 2343 iacta,
1427 2298 1571 2335 corolla
1587 2298 1652 2334 2-2
1668 2299 1710 2342 ¹s2
1728 2297 1795 2333 lin.
1807 2297 1938 2344 longa,

234 2353 279 2379 ca
309 2343 396 2379 sula
413 2343 645 2380 Cannabeos
664 2345 813 2381 semine
828 2355 969 2392 parum
988 2346 1127 2392 major.
1144 2345 1248 2381 Inter
1298 2345 1542 2393 ampanulas
1560 2356 1608 2381 ex
1624 2344 1662 2381 C.
1675 2345 1941 2392 pyramidas&

235 2401 258 2427 a
303 2392 422 2426 nitate
442 2393 480 2427 et
497 2391 754 2428 Podanthum
774 2392 1066 2437 intermedium,
1083 2396 1213 2428 tamen
1229 2393 1280 2429 ob
1294 2393 1435 2429 florum
1455 2393 1674 2436 minutiem,
1692 2391 1881 2428 corollam
1900 2392 1940 2428 in

233 2438 349 2474 lobos
369 2438 538 2474 lineares
556 2440 749 2486 profunde
768 2440 915 2485 fissam,
935 2442 1020 2484 etc„
1039 2440 1131 2476 huic
1149 2439 1281 2487 potius
1301 2440 1656 2476 adnumerandum.

293 2556 333 2597 8.
367 2554 425 2598 P.
465 2555 895 2610 amplexicaule
930 2556 1099 2611 (Willd.
1134 2556 1255 2610 Spec.
1286 2557 1317 2606 Ι,
1351 2569 1390 2611 p.
1422 2557 1504 2598 9025
1540 2555 1621 2598 sub
1655 2553 1939 2608 Phyteumate

234 2626 320 2657 non
343 2614 470 2668 Flora
492 2612 661 2668 Graeca)
685 2615 884 2668 glabrum
909 2615 976 2658 vel
999 2615 1051 2657 ad
1081 2617 1250 2669 paginae·
1269 2616 1489 2659 inferioris
1511 2627 1671 2657 nervos
1695 2625 1823 2669 parce
1849 2612 1938 2655 hir-

233 2675 388 2718 tulum.
412 2673 536 2716 caule
555 2673 664 2717 elato
686 2674 838 2717 folioso
857 2675 899 2716 in
919 2675 1081 2728 spicam
1101 2676 1342 2729 simplicem
1365 2675 1432 2718 vel
1454 2686 1580 2728 parce
1598 2685 1815 2716 ramosam
1839 2672 1938 2727 plus

234 2733 378 2775 minus
407 2733 649 2786 elongatam
678 2733 772 2775 basi
802 2733 1095 2788 interruptam
1124 2734 1312 2784 abeunti,
1339 2734 1449 2776 foliis
1479 2736 1630 2787 argute
1658 2732 1840 2774 serratis
1868 2731 1936 2773 vel

232 2790 462 2833 biserratis
486 2791 768 2834 inferioribus
792 2791 1136 2846 ovato-oblongis
1155 2793 1348 2836 breviter
1370 2790 1783 2848 petiolatis‚caeteris
1806 2790 1939 2833 sessi-

234 2850 349 2892 libus
374 2850 961 2904 cordato-amplexicaulibus
985 2852 1122 2895 acutis
1146 2853 1331 2894 suminis
1349 2851 1474 2895 valde
1495 2850 1721 2893 diminutis
1745 2849 1939 2892 breviter

235 2908 498 2961 lanceolatis‚
524 2909 706 2952 floribus
733 2910 956 2963 pedicellis
979 2911 1136 2964 calycis
1161 2911 1266 2954 tubo
1294 2910 1648 2964 sublongioribus
1674 2907 1866 2952 suffultis
1893 2907 1937 2949 in

235 2967 459 3009 fasciculos
480 2968 657 3010 sessiles
678 2968 917 3023 dispositis.
937 2970 1094 3024 calycis
1117 2969 1253 3024 glabri
1271 2970 1437 3013 laciniis
1452 2969 1645 3012 breviter
1660 2966 1940 3021 triangulari-

231 3025 481 3069 lanccolatis
523 3027 691 3070 obtusis
722 3028 824 3070 tubo
853 3032 979 3071 ovato
1007 3028 1362 3083 sublongioribus
1390 3028 1548 3071 corolla
1584 3026 1734 3081 glabra
1764 3027 1937 3069 demum

2074 144 2082 184 t»

2076 229 2082 241 V

2077 255 2084 344 l

2078 345 2085 383 i
