2090 3291
221 167 293 205 846
954 181 1200 207 COMPOSITAE.
1770 174 1907 222 Crepis
1922 203 1934 212 .

282 254 349 295 36.
385 254 437 298 C.
473 254 834 297 Reuteriana
866 254 1026 309 (Boiss.
1047 256 1197 309 Diagn.
1225 256 1318 299 Ser.
1341 256 1373 308 Ι,
1395 257 1462 305 11,
1487 270 1525 310 p.
1547 256 1624 312 55)
1656 257 1802 301 radice
1821 257 1925 301 bre-

222 313 401 356 vissima
426 314 664 367 praemorsa
686 313 812 366 longe
835 317 877 356 et
900 314 1035 356 dense
1062 314 1269 366 fibrifera‚
1295 315 1403 358 collo
1430 315 1595 369 glabro,
1618 316 1733 358 foliis
1761 318 1926 361 teneris

224 373 432 424 utrinque
457 372 534 414 sed
558 371 715 415 subtus
739 371 938 415 crebrius
966 377 1007 415 et
1033 373 1203 427 longius
1226 374 1381 417 setulis
1404 374 1614 416 flexuosis
1640 373 1796 418 obsitis
1823 389 1932 419 run-

223 431 541 484 cinato-lyratis
565 434 787 482 segmento
811 432 1027 474 terminali
1049 432 1304 486 triangulari
1331 434 1399 475 vel
1427 433 1665 476 lanceolato
1692 438 1816 477 acuto
1840 435 1932 478 lon-

221 491 339 556 giore
389 489 644 532 lateralibus
685 489 1239 544 oblongo-triangularibus
1285 491 1423 534 acutis
1471 492 1678 535 retrorsis
1721 493 1928 536 omnibus

223 562 257 591 s
246 549 384 603 epius
409 549 607 601 integris,
628 548 824 591 caulibus
842 549 967 592 elatis
985 561 1178 604 superne
1198 549 1345 592 stricte
1365 550 1618 594 dichotomis
1644 551 1737 594 laxe
1762 563 1935 606 corym-

220 608 347 651 boso·
331 607 622 660 ·pauiculatis
651 607 764 650 foliis
790 607 980 650 caulinis
1001 610 1042 649 1-
1048 609 1071 649 <2
1096 608 1520 652 lineali-lanceolatis
1544 609 1659 659 integ.
1646 610 1742 663 ris,
1765 611 1933 664 pedun-

222 667 329 709 culis
363 666 539 720 flabris,
564 666 764 719 capitulis
791 666 1098 719 mediocribus.
1120 667 1335 711 involucri
1364 661 1504 721 glabri
1529 669 1595 710 vel
1621 680 1750 722 parce
1780 669 1934 712 hirtuli

220 716 381 780 phyllis
413 725 612 766 externis
646 725 1045 778 calyculiformibus
1077 712 1332 768 acuminatis
1359 727 1607 781 quadruplo
1633 727 1931 779 brevioribus,

218 784 505 827 interioribus
540 783 781 826 linearibus
811 784 1048 827 fructiferis
1076 785 1207 827 dorso
1244 786 1287 827 in
1312 786 1503 828 carinam
1528 785 1929 839 semicylindricam

221 843 494 897 spongiosam
516 842 786 895 incrassatis,
807 842 996 887 acheniis
1019 844 1149 886 rectis
1175 845 1293 898 apice
1318 844 1654 898 subattenuatis,
1671 858 1814 900 pappo
1834 845 1934 889 albo

219 903 380 944 caduco
419 908 476 948 ἳβ

266 975 367 1010 Η31).
390 975 429 1010 111
452 976 650 1011 montanis
679 975 819 1010 dumos
803 975 858 1010 sis
885 975 1082 1012 umbrosis
1102 976 1284 1021 Byzantii
1302 975 1476 1021 (Auchi),
1493 975 1541 1021 L)
1542 976 1628 1011 di¹e
1653 976 1695 1012 in
1722 977 1926 1013 montibus

217 1022 399 1067 Smyrnae
426 1021 573 1066 (Boiss!
602 1022 687 1057 Bal.
713 1022 830 1066 25511,
849 1021 991 1058 insulae
1019 1023 1097 1058 Cos
1126 1023 1274 1067 (Urvi),
1291 1022 1540 1069 P·1mphy1iae
1570 1023 1759 1068 (Heldr!)‚
1778 1024 1927 1060 Ciliciae

217 1080 337 1116 supra
364 1069 537 1105 Mersina
555 1069 692 1114 (Ball),
712 1073 749 1104 et
777 1050 830 1104 ad'
854 1070 1070 1115 Pyramum
1099 1070 1193 1116 (Ky.
1214 1071 1322 1117 Supp
1325 1070 1350 1105 1.
1368 1070 1460 1115 261),
1483 1071 1628 1106 Amani
1655 1071 1736 1116 (ΚΥ
1747 1072 1786 1115 1),
1803 1071 1829 1106 S
1830 1072 1928 1117 yriae

218 1117 298 1152 bor.
325 1116 376 1151 ad
399 1116 514 1152 Nisib
536 1120 573 1152 et
601 1116 695 1152 Orfa
713 1116 941 1162 (Hausskl),
959 1117 1112 1153 Libano
1139 1118 1190 1153 ad
1219 1081 1379 1153 Dimam
1397 1117 1510 1162 (Bit),
1529 1118 1677 1153 radices
1705 1081 1857 1154 Libani
1879 1119 1928 1155 ad

216 1162 372 1256 gigpgl}
378 1166 407 1245 ἑ
405 1163 460 1246 igi
453 1165 544 1253 1),ῗὶ
573 1163 691 1199 Saida
709 1163 882 1209 (631111),
900 1164 1156 1201 Antilibanus
1187 1175 1307 1212 prope
1334 1165 1574 1201 Damascum
1595 1164 1754 1210 (Gaill!(
1777 1167 1815 1201 et
1831 1165 1928 1201 Ras-

275 1276 319 1329 β.
353 1276 600 1329 (11111731.-
627 1276 768 1319 Minor
805 1276 986 1320 densius
1022 1278 1231 1327 setulosa,
1266 1277 1412 1319 caules
1445 1277 1685 1320 abbreviati
1720 1277 1926 1331 intricati,

215 1335 257 1377 in
265 1336 491 1378 volucrum
519 1335 794 1388 glanduloso-
780 1335 1056 1390 -.pubescens

263 1409 363 1444 Hab
386 1409 424 1443 in
446 1408 598 1444 Libano
614 1408 750 1455 alpino
768 1409 818 1444 ad
838 1408 961 1444 Gebel
980 1409 1134 1445 Baruck
1150 1409 1326 1455 (Boissl),
1341 1420 1463 1457 supra
1482 1410 1641 1446 Dimam
1661 1413 1699 1446 et
1715 1409 1825 1446 Eden
1839 1409 1927 1455 (ΒΗ

214 1455 288 1501 ΚΥ
307 1456 422 1501 3471),
443 1456 641 1491 Hermone
663 1456 841 1501 tBoisst).

262 1519 375 1554 Facie
402 1519 716 1565 praecedentibus
744 1520 871 1554 affinis
901 1520 968 1555 sed
998 1520 1181 1556 distincta
1213 1521 1426 1565 segmentis
1456 1519 1640 1556 foliorum
1675 1519 1918 1555 acutioribus

214 1567 340 1612 magis
370 1566 574 1612 elongatis,
594 1567 701 1602 foliis
729 1567 894 1602 caulinis
924 1567 1110 1602 omnibus
1141 1568 1305 1613 integris
1338 1568 1530 1613 angustis,
1549 1567 1745 1603 involucri
1772 1567 1922 1613 phyllis

213 1614 509 1696 antgustioribus
533 1613 738 1650 fructiferis
760 1614 954 1650 induratis
978 1618 1016 1650 et
1038 1616 1077 1650 in
1096 1615 1269 1651 carinam
1289 1614 1474 1650 obtusam
1495 1615 1751 1661 spongiosam
1768 1615 1917 1649 incras-

212 1670 256 1695 sa
275 1671 319 1695 is.

271 1786 338 1826 37.
375 1784 426 1826 C.
462 1795 798 1839 praemorsa
830 1786 896 1839 (L.
917 1785 989 1839 Sp.
1014 1787 1124 1829 1126
1143 1786 1224 1828 sub
1244 1785 1468 1839 Hierace‘o)
1501 1786 1647 1828 radice
1667 1785 1792 1828 brevi
1813 1796 1918 1839 prae-

210 1847 355 1887 morsa
399 1845 576 1895 fibrosa,
619 1845 732 1887 foliis
773 1843 975 1887 omnibus
1016 1845 1279 1888 radicalibus
1323 1845 1530 1888 rosulatis
1564 1844 1920 1897 ‘ovato-oblongis

209 1904 377 1946 obtusis
404 1904 494 1945 basi
519 1903 748 1946 subsessili
768 1904 1004 1946 attenuatis
1026 1904 1208 1958 integris
1228 1906 1295 1946 vel
1321 1904 1528 1958 repandis
1558 1903 1916 1956 pubescentibus,

209 1963 327 2004 caule
365 1963 612 2017 scapiformi
635 1962 746 2005 elato
780 1963 900 2017 apice
938 1975 1175 2006 racemoso.
1212 1963 1470 2016 pedunculis
1506 1963 1788 2004 inferioribus
1823 1963 1920 2004 2-3-

210 2022 399 2074 cephalis
436 2022 741 2076 superioribus
770 2022 1104 2076 monoceplialis‚
1130 2022 1331 2077 capitulis
1364 2022 1530 2076 parvis,
1562 2021 1775 2065 involucri
1803 2020 1917 2074 nigri

208 2080 368 2134 phyllis
385 2081 555 2123 obtusis
574 2081 781 2126 ciliatulis
797 2082 991 2124 externis
1010 2082 1258 2125 numerosis
1280 2081 1569 2129 brevissimis,
1587 2081 1778 2124 acheniis
1796 2080 1916 2134 apice

209 2139 400 2181 obsolete
427 2139 679 2192 attenuatis,
710 2152 849 2194 pappo
876 2141 1002 2183 niveo
1039 2147 1099 2188 24.
1129 2141 1182 2182 Ic.
1210 2140 1344 2182 Rchb.
1373 2139 1458 2182 tab.
1487 2141 1557 2182 93.

255 2211 346 2247 Hab
378 2213 416 2247 in
447 2213 613 2248 Caucasi
635 2212 748 2248 clivis
776 2213 1151 2259 septentrionalibus
1171 2213 1211 2249 in
1242 2216 1374 2249 monte
1403 2212 1599 2248 Beschtau
1624 2212 1769 2257 (MR),
1794 2221 1914 2258 prope

207 2259 416 2305 Georgiew
421 2259 467 2295 sk
486 2259 622 2304 (Wilh
643 2270 689 2295 ex
707 2259 849 2296 Ledeb.
857 2263 881 2301 ).

251 2323 317 2357 Ar.
342 2322 474 2367 Geoqr.
504 2322 662 2369 Europa
683 2322 810 2358 media
832 2333 856 2358 a
873 2322 1138 2358 Scandinavia
1165 2323 1344 2365 australi,
1364 2321 1503 2368 Belgio
1521 2324 1559 2357 et
1576 2321 1709 2358 Gallia
1725 2321 1913 2357 orientali

205 2368 256 2403 ad
274 2369 428 2404 Italiam
449 2370 659 2413 borealem,
681 2370 884 2415 regionem
903 2369 1182 2414 Danubialem‚
1201 2370 1385 2406 Rossiam
1406 2375 1444 2405 et
1458 2369 1648 2405 Sibiriam
1667 2378 1839 2405 omnem.

766 2512 792 2564 ξ
824 2512 862 2553 4.
896 2510 1339 2567 Sclerophyllae.

265 2647 331 2687 38.
368 2645 419 2687 C.
454 2645 708 2701 pulchra
739 2644 806 2699 (L.
838 2644 910 2699 Sp.
951 2645 1078 2699 1134)
1112 2646 1234 2688 caule
1261 2645 1410 2698 gracili
1446 2645 1615 2686 inferne
1649 2642 1905 2697 pubescenti

203 2705 348 2749 foliato
373 2716 563 2758 superne
589 2704 708 2746 nudo
734 2703 882 2757 glabro
907 2704 1149 2746 dichotome
1175 2708 1218 2746 et
1244 2705 1335 2746 laxe
1364 2702 1906 2758 paniculato-corymboso,

201 2764 314 2807 soliis
349 2763 575 2818 pubet-ulis
602 2763 820 2805 interdum
847 2762 1131 2815 glandulosis.
1158 2762 1419 2805 radicalibus
1445 2761 1907 2816 oblongo-spathulatis

202 2824 244 2865 in
273 2824 482 2878 petiolum
509 2824 743 2864 attenuatis
770 2821 958 2864 dentatis
987 2822 1055 2863 vel
1085 2821 1604 2875 runcinato-pinnatifidis
1633 2819 1776 2862 rarius
1803 2818 1906 2862 sub-

201 2882 395 2935 integris‚
429 2881 611 2923 caulinis
643 2880 872 2923 sessilibus
904 2880 994 2922 basi
1027 2881 1272 2923 rotundatis
1302 2881 1515 2923 truncatis
1550 2879 1615 2922 vel
1649 2878 1902 2921 auriculatis

202 2941 470 2994 sagittatisve
494 2940 688 2994 oblongis
716 2945 758 2982 et
784 2939 1021 2981 linearibus
1051 2940 1237 2982 dentatis
1267 2940 1333 2981 vel
1362 2939 1555 2991 integris,
1582 2938 1713 2981 ramis
1738 2937 1904 2991 pedun-
