2066 3311
76 208 418 255 Arctostaphylos.
817 214 1036 241 EnonEAE.
1710 201 1782 237 967

128 288 228 324 Hal).
246 287 295 322 ad
315 286 462 322 radices
489 283 633 321 moritis
660 284 846 320 Pentelici
866 284 1004 319 Atticae
1032 283 1103 319 ubi
1129 292 1273 329 paucas
1290 281 1525 317 arbusculas
1546 281 1776 317 observavit

79 346 156 371 am.
176 334 222 371 cl.
242 333 471 370 Heldreichi
489 333 545 368 Fl.
563 332 650 368 Dec.
673 333 759 367 Jan.

127 401 228 436 Inter
248 399 296 435 A.
326 397 457 435 Unedo
471 401 509 434 et
526 399 574 434 A.
593 395 835 433 Andraehne
848 394 1151 440 characteribus,
1174 394 1372 429 fructuum
1395 392 1680 438 magnitudine,
1695 394 1782 436 etc.,

77 451 212 484 exacte
231 445 476 482 intermedia.

558 589 1014 639 ARGTosTAPflvtos
1046 590 1286 650 (Adanson).

139 744 273 798 Calyx
301 741 636 797 quinquelobus.
677 739 844 783 Corolla
871 739 1239 783 ovato-urceolata
1267 736 1651 792 quinquedentata.
1682 736 1779 779 Sta-

81 807 195 846 mina
235 803 282 844 10
305 801 422 844 disco
449 800 677 854 liypogyno
714 799 875 842 inserta
910 798 1104 840 antberis
1141 798 1260 852 apice
1297 796 1513 851 biporosis
1540 796 1780 838 lateraliter

78 860 330 964 prigffggesitis.
356 860 490 902 Bacca
513 859 691 913 globosa
717 863 1013 913 pentapyrena
1042 857 1221 911 pyrenis
1243 856 1578 910 monospermis.
1597 879 1653 885 —-
1681 854 1777 897 Suf-

140 1064 174 1104 1.
208 1061 256 1104 A
302 1059 598 1104 Uva-Ursi
626 1059 691 1112 (L.
717 1058 789 1113 Sp.
816 1059 901 1100 566
927 1058 1009 1099 sub
1033 1056 1220 1112 Arhzcto)
1246 1060 1479 1112 prostrata,
1505 1056 1616 1098 foliis
1644 1056 1780 1098 coria-

74 1122 161 1163 ceis
199 1117 624 1174 sempervirentibus
676 1117 1078 1176 obloiig03obovatis
1134 1116 1292 1159 subtus
1335 1115 1778 1157 reticulato-venosis

75 1179 371 1231 integerrimis
398 1178 561 1232 glabris
589 1177 840 1232 junioribus
865 1176 1058 1229 margine
1090 1175 1329 1230 puber-ulis,
1354 1174 1538 1218 racemis
1565 1175 1778 1217 brevibus

74 1238 378 1281 terminalibus
404 1245 440 1286 5.
467 1237 517 1279 A.
545 1235 761 1280 Uva-Ursi
785 1236 967 1290 Spreng.
994 1259 1051 1265 —
1076 1236 1131 1277 Ic.
1157 1234 1289 1276 Rcbb.
1316 1238 1343 1276 t.
1369 1235 1452 1276 116
1486 1258 1540 1263 --
1570 1236 1618 1275 Α.
1644 1233 1777 1286 offici-

75 1296 192 1339 nalis
216 1298 392 1341 Wimm.
414 1300 457 1339 et
481 1295 611 1339 Grab.

71 1417 95 1453 d
122 1370 287 1453 Hah-din
304 1370 445 1417 apricis
467 1370 590 1414 siccis,
611 1380 720 1416 prov.
738 1369 950 1405 Caucasica
968 1368 1149 1405 Radscba
1167 1369 1233 1412 (ex
1252 1367 1291 1403 C.
1312 1367 1439 1412 Koch)
1459 1367 1489 1403 E
1508 1367 1655 1402 ditione
1675 1376 1773 1401 non-

102 1428 168 1453 um
189 1428 229 1453 v1
260 1429 271 1453 1

120 1481 167 1563 At.
188 1480 339 1534 Alpina
364 1480 525 1528 Spreng.
553 1482 592 1516 in
613 1479 867 1525 Montenegro
892 1489 1067 1515 crescens
1090 1478 1197 1524 prob.
1226 1479 1264 1513 in
1286 1477 1519 1514 Macedonia.
1542 1477 1646 1514 intra
1677 1478 1774 1513 fines

73 1538 144 1563 nos
165 1539 227 1564 ros
247 1529 468 1575 reperietur.

119 1592 180 1627 Ar.
208 1591 340 1638 Geoqr.
366 1592 526 1638 Europa
555 1591 683 1627 omnis
703 1602 724 1626 a
746 1590 951 1626 Britannia
972 1592 1009 1626 et
1033 1589 1296 1626 Scandinavia
1316 1589 1363 1624 ad
1390 1589 1571 1625 Rossiam
1602 1589 1775 1625 mediam

71 1641 110 1675 et
128 1639 357 1685 australem,
376 1638 533 1683 Sibiria‚
551 1639 732 1674 America
749 1638 930 1674 borealis.

288 1786 364 1828 Ta.
399 1785 452 1827 Il.
489 1784 906 1828 ANDROMEDEAE
938 1786 1038 1838 (nc.
1068 1783 1222 1825 Prodr.
1251 1782 1343 1830 Vll,
1365 1796 1405 1837 p.
1436 1784 1555 1838 558).

129 1910 317 1953 Fructus
360 1910 603 1964 capsularis
644 1908 868 1952 loculicide
897 1907 1124 1950 dehiscens
1162 1906 1475 1961 dissepimento
1514 1907 1699 1962 simplici
1729 1908 1771 1949 in

70 1970 214 2012 medio
241 1969 528 2011 valvularum.
554 1967 725 2011 Corolla
753 1967 946 2011 decidua.

441 2128 816 2177 ‹iaruANinsssiA
851 2127 1006 2188 (miss.
1037 2127 1182 2176 necat.
1213 2127 1244 2183 ι,
1275 2141 1319 2188 p.
1347 2125 1410 2187 3).

130 2261 263 2316 Calyx
300 2262 459 2316 sepalis
487 2264 511 2303 5
537 2262 705 2315 magnis
743 2260 979 2314 glumaceis
1020 2260 1217 2313 oblongis
1253 2260 1522 2302 aestivatione
1557 2259 1772 2313 quincun-

69 2320 251 2364 cialibns
294 2326 510 2363 constans
556 2320 727 2363 Corolla
769 2319 952 2363 decidua
990 2319 1434 2374 hypocrateriformis.
1482 2317 1675 2360 Stamina
1721 2320 1772 2361 10

71 2380 304 2423 filamentis
328 2380 416 2423 basi
438 2379 605 2434 pilosis,
628 2379 821 2422 anthera}
840 2379 1010 2422 muticae
1031 2379 1151 2433 apice
1169 2381 1330 2420 retusae
1350 2377 1470 2432 poris
1487 2377 1602 2419 binis
1621 2377 1772 2420 oblon-

70 2440 135 2493 gis
179 2439 466 2482 dehiscentes.
515 2438 677 2492 Stigma
728 2438 1219 2491 depresso-capitatum
1270 2437 1526 2479 lobulatum.
1583 2434 1773 2491 Capsula

71 2498 283 2552 spbaerica
305 2498 633 2541 membranacea
657 2497 882 2540 locuiicida
904 2497 1043 2540 valvis
1065 2497 1301 2550 semiferis,
1325 2496 1532 2550 placentae
1554 2495 1599 2538 in
1618 2496 1770 2538 loculis

71 2557 214 2600 hitidae
253 2569 447 2600 carnosae
490 2556 616 2600 loculi
664 2560 793 2599 totam
829 2557 1057 2600 cavitatem
1098 2556 1344 2610 implentes.
1384 2554 1558 2597 Semina
1594 2554 1772 2597 minima

69 2616 252 2659 obovata
277 2615 798 2659 tuberculato-reticulata
825 2618 936 2659 testa
962 2615 1089 2658 firma
1112 2615 1267 2657 nucleo
1290 2618 1405 2657 arcte
1429 2613 1689 2655 adbaerente.
1716 2637 1773 2644 —-

70 2674 297 2718 Suffrutex
335 2676 469 2718 ramis
507 2675 740 2730 prostratis
780 2674 990 2728 elongatis
1028 2674 1331 2726 foliosis7facie
1370 2671 1560 2725 Epe'ycoe.
1587 2673 1771 2714 racemis

73 2732 293 2776 1-02-ssoris
332 2734 601 2777 axillaribus.
627 2759 684 2764 -
711 2733 861 2777 Genus
896 2733 1053 2788 calycis
1082 2733 1253 2776 laciniis
1292 2732 1496 2775 scariosis
1531 2731 1771 2773 imbricatis

69 2792 162 2835 fere
198 2792 348 2835 liberis
386 2793 625 2847 habituque
659 2793 798 2836 affinis
834 2793 1007 2846 Epiyeoe
1043 2805 1140 2847 quae,
1166 2792 1367 2844 generice
1392 2790 1538 2833 differt
1575 2791 1771 2833 antheris

68 2863 155 2894 non
182 2852 301 2905 poris
329 2852 567 2906 apicalibus
595 2852 672 2894 sed
699 2864 828 2895 secus
856 2857 988 2895 totam
1017 2850 1334 2905 longitudinem
1367 2849 1692 2892 dehiscentibus
1730 2853 1773 2891 et

69 2910 353 2964 probabiliter
378 2923 552 2965 quoque
591 2912 757 2954 fructus
800 2911 1151 2954 conformatione.
1186 2910 1349 2952 Unicus
1377 2911 1603 2963 hucusque
1640 2913 1772 2963 typus

68 2973 359 3023 gerontogeus
376 2968 637 3012 Ericearum
655 2969 1023 3023 Epsiyeoidearum
1041 2975 1084 3013 et
1099 2969 1268 3022 insigne
1286 2968 1426 3011 Florae
1444 2967 1605 3010 Lazicae
1623 2967 1770 3010 decus.
