2090 3291
246 216 318 252 644
972 214 1217 242 compostmc.
1709 204 1946 243 Centaurea.

248 298 290 330 ut
311 292 468 329 videtur
486 289 740 326 ascendentes
761 286 825 323 vel
845 285 1142 330 decumbentem
1162 286 1329 332 insignis
1348 286 1553 322 involucro
1574 289 1742 332 angusto
1763 287 1949 324 obconico

247 342 310 376 6-7
329 340 454 375 lineas
473 337 606 382 longo,
633 334 783 382 phyllis
814 336 968 368 tantum
992 333 1234 369 intermediis
1263 336 1300 369 et
1314 333 1473 380 quidem
1501 343 1614 380 parce
1637 333 1791 371 ciliatis.
1822 344 1952 382 pappo

248 389 380 433 longo.

309 501 377 542 62.
413 499 466 542 C.
502 497 710 540 Graeca
742 495 903 551 (Boiss.
949 497 991 536 et
1029 493 1191 547 Sprun.
1228 494 1379 547 Diagn.
1416 494 1510 536 Ser.
1540 495 1570 547 Ι,
1605 496 1645 545 6,
1684 508 1721 549 p.
1756 496 1832 537 128
1865 509 1952 538 non

249 558 441 611 Griseb.)
478 557 687 610 adpresse
726 566 828 596 cana
870 552 1150 602 multicaulis,
1195 553 1390 595 caulibus
1431 553 1722 596 mediocribus
1764 554 1953 597 tenuiter

251 618 429 671 virgatis
453 630 475 658 a
497 615 588 657 basi
612 615 681 657 vel
704 614 832 667 paulo
856 624 990 667 supra
1014 612 1057 653 in
1079 623 1223 654 ramos
1249 616 1402 654 tenues
1426 611 1645 665 elongatos
1670 613 1953 667 monoceplia-

252 680 314 719 los
333 675 593 718 divaricatos
614 672 882 723 dichotomis,
905 671 1017 713 foliis
1042 670 1254 713 scabridis
1273 671 1490 725 punctatis
1509 672 1549 713 in
1573 671 1746 713 lacinias
1770 675 1952 725 anguste

251 735 510 778 lanceolatas
537 733 607 775 vel
636 732 822 773 lineares
846 732 1120 773 mucronatas
1147 729 1347 772 soliorum
1372 730 1625 772 inferiorum
1659 743 1774 784 saepe
1800 731 1950 773 denta-

254 799 318 837 tas
341 792 620 847 superiorum
642 792 849 844 angustas
870 789 1062 842 integras
1088 789 1399 841 pinnatisectis,
1423 788 1538 831 foliis
1561 789 1717 830 rameis
1739 789 1952 838 indivisis,

252 852 454 907 capitulis
497 850 790 893 mediocribus
831 847 1047 900 oblongis,
1087 847 1302 890 involucri
1340 846 1477 901 glabri
1514 848 1674 902 phyllis
1715 848 1952 902 appendice

250 910 509 964 triangulari
543 910 662 951 fusca
685 909 730 950 in
765 906 1061 949 membranam
1092 906 1310 960 hyalinam
1339 905 1674 949 subdecurrenti
1702 907 1953 960 longissime

254 969 632 1025 pectinato-ciliaia
657 967 700 1008 in
733 965 903 1020 spinam
929 965 1209 1008 lanceolatam
1245 965 1355 1007 ciliis
1381 965 1513 1019 duplo
1545 965 1780 1019 longiorem
1805 966 1952 1008 termi-

249 1030 378 1077 natis,
412 1028 605 1070 flosculis
641 1026 780 1069 roseis
814 1024 1103 1074 radiantibus,
1131 1025 1260 1078 pappi
1292 1025 1398 1067 setis
1429 1024 1699 1066 intermediis
1727 1024 1950 1067 aciienium

249 1088 475 1130 dimidium
500 1085 775 1140 aequantibus
813 1091 875 1131 26.
902 1082 944 1125 C.
975 1082 1224 1125 Parlatoris
1253 1095 1342 1125 var.
1362 1082 1580 1124 Boi-saecri
1600 1084 1748 1126 Heldr.
1768 1087 1809 1127 et
1839 1083 1949 1126 Sari..

250 1149 290 1189 in
322 1147 463 1188 Boiss.
497 1146 645 1198 Diagn.
673 1144 765 1186 Ser.
795 1144 846 1186 11.
873 1144 912 1193 3,
939 1156 979 1197 p.
1010 1143 1076 1183 74.
1105 1165 1158 1172 -
1188 1142 1226 1184 C.
1256 1141 1474 1184 Bois-sieri
1501 1141 1641 1197 Walp.
1667 1143 1842 1197 Repert.
1866 1154 1961 1184 non-

252 1218 335 1250 D.C.

298 1279 387 1315 Hah
421 1278 461 1314 in
483 1278 608 1313 Attica
636 1286 755 1323 prope
776 1275 936 1311 Eleusin
954 1277 991 1309 et
1009 1274 1049 1310 in
1068 1274 1271 1310 montibus
1293 1273 1482 1320 Hymetto
1509 1277 1545 1310 et
1569 1275 1766 1311 Pentelico
1791 1275 1953 1322 (Sprunl

255 1326 398 1362 Heldrl
414 1326 547 1370 Sam),
567 1324 712 1360 Eubaea
732 1322 873 1368 (Auch.
891 1322 1032 1367 3177z)‚
1052 1321 1282 1357 Macedonia
1300 1331 1419 1368 prope
1439 1321 1584 1357 Bitolia
1599 1323 1755 1369 (Orplil)

301 1390 441 1426 Planta
458 1388 709 1436 semipedalis
728 1387 854 1423 rarius
873 1385 1036 1433 pedalis,
1051 1385 1142 1421 folia
1154 1385 1209 1421 eis
1227 1384 1266 1420 C.
1288 1385 1462 1421 dissectae
1479 1386 1634 1422 tenuius
1653 1389 1767 1430 secta,
1785 1385 1953 1433 capitula

256 1441 407 1473 minora
426 1439 463 1472 et
481 1436 721 1482 angustiora,
746 1434 885 1481 phylla
904 1433 1062 1478 longius
1081 1432 1211 1467 ciliata
1230 1442 1307 1468 nor.
1335 1433 1477 1468 obtusa
1496 1436 1532 1468 et
1551 1434 1714 1469 inermia
1732 1434 1799 1469 sed
1817 1434 1857 1468 in
1876 1434 1954 1481 spi-

251 1495 343 1521 nam
362 1494 496 1520 veram
516 1485 729 1519 attenuata.
750 1481 786 1517 C.
811 1480 1038 1517 Parlatorz's
1057 1479 1192 1514 Heldr.
1213 1478 1343 1514 Sicula
1362 1480 1423 1515 cui
1449 1482 1583 1515 nostra
1601 1481 1746 1528 species
1767 1484 1808 1516 ut
1828 1482 1955 1517 varie-

251 1536 309 1567 tus
328 1531 452 1567 relata
470 1531 542 1566 fuit
561 1541 584 1565 a
603 1529 639 1566 C.
658 1526 826 1565 dissecta*
845 1538 933 1563 meo
952 1536 1069 1562 sensu
1091 1536 1167 1562 non
1180 1526 1320 1561 differt.

313 1598 356 1651 β.
394 1594 671 1639 Macedom'ca
718 1619 768 1625 ——
809 1594 977 1647 Aspera
1016 1591 1175 1646 pallide
1213 1592 1373 1640 virens,
1411 1593 1555 1634 caules
1599 1604 1712 1646 saepe
1751 1592 1954 1635 elatiores

256 1657 388 1711 1-1Ὺ2
415 1656 604 1710 pedales,
634 1653 884 1708 pliyllorum
912 1652 1038 1706 spina
1063 1662 1178 1705 saepe
1204 1650 1455 1693 abbreviata
1483 1652 1593 1693 ciliis
1616 1652 1861 1706 aequilonga
1888 1651 1952 1694 vel

254 1716 442 1758 brevior.
470 1739 524 1745 —-
551 1714 593 1756 C.
616 1711 873 1765 parzieulata
901 1724 991 1753 var.
1019 1709 1296 1752 Macedonica
1320 1708 1490 1753 Griseb.
1519 1709 1631 1764 Spic.
1660 1711 1709 1761 11,
1738 1725 1762 1765 p
1801 1712 1886 1752 0240
1913 1712 1954 1753 et

254 1788 342 1817 var.
368 1775 582 1827 prenotata
609 1772 710 1814 ibid.

300 1848 399 1883 Hah.
420 1848 458 1882 in
478 1846 649 1892 Olympo
669 1844 862 1880 Thessalo
881 1854 999 1897 supra
1021 1843 1189 1879 Metochi
1206 1842 1394 1888 (HeldrO,
1413 1843 1461 1879 ad
1481 1843 1649 1879 Brasnik
1668 1854 1788 1890 supra
1814 1842 1956 1879 Bitolia

251 1896 376 1942 (Orph
389 1897 426 1939 1),
451 1895 491 1929 in
511 1894 667 1939 regione
687 1891 861 1927 inferiori
879 1894 915 1927 et
935 1890 1168 1927 intermedia
1187 1891 1331 1926 montis
1352 1890 1546 1926 Korthiati
1566 1901 1686 1938 prope
1703 1891 1956 1926 Thessaloni-

250 1954 338 1978 cam
358 1942 517 1986 (Heldrl
536 1951 616 1976 exs.
637 1940 746 1976 2362!
765 1944 801 1975 et
818 1938 929 1975 2363!
949 1937 1068 1985 Orph.
1087 1937 1142 1972 Fl.
1163 1938 1228 1973 Gr.
1249 1948 1329 1973 exs.
1352 1938 1465 1983 7461).

301 2006 393 2041 Haec
411 2005 583 2040 varietas
607 2013 695 2050 quae
715 2002 764 2037 ad
784 2004 924 2048 typum
952 2000 1199 2036 intermediis
1223 2001 1417 2036 contluere
1436 2001 1534 2036 mihi
1553 2002 1710 2037 videtur
1729 2011 1752 2037 a
1773 2000 1809 2037 C.
1830 2000 1956 2036 cunei-

247 2051 360 2100 solz'd.
392 2048 613 2098 Olympia-d,
650 2048 926 2092 Bz‘ebersteim'z‘,
956 2045 1070 2084 ουίνιᾶ
1102 2049 1138 2082 et
1168 2047 1350 2083 affinibus
1381 2048 1510 2084 radice
1529 2050 1690 2095 perenni
1709 2052 1746 2084 et
1764 2048 1956 2084 involucri

251 2099 534 2147 appendicibus
553 2096 862 2141 decurrentibus,
883 2106 905 2131 a
929 2094 967 2131 C.
990 2092 1181 2131 arenaria?
1199 2099 1235 2130 et
1252 2092 1490 2142 qonv'ocanld
1516 2096 1641 2132 radice
1661 2095 1821 2142 perenni
1845 2094 1956 2130 facile

251 2147 519 2193 distinguitur.

310 2270 378 2312 63.
415 2269 465 2313 C.
496 2268 759 2312 dissecta
791 2268 919 2322 (Ten.
941 2267 1095 2310 Prodr.
1119 2266 1196 2320 61)
1226 2266 1472 2319 pubescens
1495 2268 1561 2309 vel
1580 2268 1954 2311 araneoso-lanata

252 2342 356 2371 cana
381 2339 614 2370 canescens
635 2328 702 2369 vel
723 2325 880 2381 pallide
901 2327 1063 2378 virens,
1082 2326 1279 2369 caulibus
1301 2325 1517 2379 angulatis
1540 2325 1747 2369 tenuibus
1764 2338 1955 2382 superne

253 2389 378 2441 longe
414 2391 456 2429 et
494 2398 620 2440 parce
657 2384 928 2428 dichotomiS.
962 2385 1076 2429 foliis
1111 2384 1393 2427 inferioribus
1420 2386 1637 2439 petiolatis
1660 2384 1702 2426 in
1732 2389 1953 2439 segmenta

252 2446 697 2499 oblongo-lanceolata
732 2444 821 2486 basi
861 2447 1080 2486 attenuata
1110 2456 1236 2498 parce
1271 2444 1445 2486 dentata
1478 2444 1737 2498 sublyratim
1767 2445 1954 2499 pinnati—

252 2506 397 2552 scctis,
436 2504 618 2547 caulinis
657 2503 887 2546 sessilibus
924 2503 1132 2546 brevibus
1172 2502 1336 2545 laciniis
1375 2503 1717 2557 divergentibus,
1753 2503 1954 2557 capitulis

252 2564 504 2619 majusculis
531 2563 670 2606 ovatis
699 2562 905 2605 solitariis
929 2562 1029 2604 solio
1059 2562 1226 2615 integro
1253 2572 1368 2615 saepe
1395 2562 1605 2616 suffultiS,
1630 2562 1843 2605 involucri
1868 2563 1956 2616 gla-

254 2624 471 2666 briusculi
494 2622 655 2677 phyllis
687 2621 826 2663 ovatis
854 2624 896 2664 et
921 2620 1117 2675 oblongis
1144 2621 1313 2664 obtusis
1339 2620 1462 2663 valde
1496 2621 1851 2664 striato-sulcatis
1875 2621 1956 2664 sub

255 2683 374 2736 apice
404 2681 659 2724 semilunari
686 2680 811 2734 nIgro
836 2680 959 2734 longe
984 2684 1026 2722 et
1052 2680 1301 2734 pectinatim
1329 2679 1470 2723 ciliato
1496 2681 1746 2722 membrana
1775 2682 1956 2734 angusta

255 2741 428 2794 hyalina
464 2739 713 2782 decurrenti
753 2739 940 2782 obscure
980 2739 1223 2788 instructis,
1256 2739 1450 2781 flosculis
1488 2740 1630 2782 roseis
1668 2739 1955 2792 radiantibus,

256 2799 386 2854 pappi
410 2799 526 2843 serie
551 2798 812 2842 intermedia
834 2798 1012 2840 achenio
1035 2797 1282 2853 quadruplo
1310 2798 1511 2840 breviore
1545 2804 1604 2845 26.
1636 2798 1687 2840 [c.
1716 2798 1847 2841 Rchb.
1872 2799 1952 2841 tab.

256 2860 322 2900 513.
349 2879 407 2890 —
431 2859 472 2900 0.
505 2857 655 2911 affinis
682 2857 795 2899 Friv.
819 2856 931 2900 Flor.
964 2858 1088 2904 1836,
1116 2871 1154 2912 p.
1179 2858 1278 2898 435.
1304 2881 1357 2886 ——
1383 2856 1422 2899 C.
1450 2856 1696 2899 Parlatoris
1726 2858 1870 2900 Heldr.
1900 2881 1956 2886 —

254 2920 293 2959 C.
322 2917 496 2959 cinerea
523 2915 694 2959 Griseb.
718 2916 831 2970 Spic.
857 2915 911 2965 11,
935 2929 974 2970 p.
1002 2917 1099 2957 236.
1680 2931 1682 2933 ·

299 2990 399 3026 Hab.
419 2991 458 3026 In
477 2990 589 3026 siccis
610 2989 783 3036 regionis
803 2989 987 3025 abietinae
1014 2991 1049 3025 et
1076 2989 1290 3036 superioris
1312 2989 1486 3032 Graecia‘,
1518 3000 1631 3025 mons
1651 2989 1807 3025 Malevo
1837 3000 1956 3037 supra
