2066 3296
83 235 374 282 Phaeopappus.
815 239 1064 266 COMPOSITAE.
1724 224 1797 262 593

81 316 225 359 omnia
261 327 455 369 papposa
481 314 568 356 hilo
596 311 776 355 laterali.
815 311 991 365 Pappus
1020 310 1264 364 persistens
1300 309 1534 352 conformis
1564 309 1792 362 plumosus

84 375 155 419 vel
181 374 449 417 barbellatus
485 371 775 428 pluriserialis
800 370 1000 413 seriebus
1024 369 1290 412 indistinctis
1314 369 1367 410 ab
1393 367 1589 409 externis
1613 366 1665 408 ad
1693 366 1793 408 inti-

85 444 180 476 mas
203 433 365 476 sensim
394 431 620 486 elongatis.
653 454 702 461 —
728 429 886 473 Herbae
908 428 1058 471 habitu
1088 427 1352 470 Centaureae.
1383 451 1436 457 —
1465 425 1614 468 Genus
1642 439 1666 467 a
1692 424 1797 467 Cen-

83 490 242 534 taured
267 495 416 534 nostro
444 503 578 534 sensu
593 489 725 544 pappi
751 487 1090 532 conformatione
1108 486 1274 529 utiliter
1296 485 1604 540 separandum,
1627 496 1706 526 nec
1733 483 1796 525 uti

87 550 212 605 prius
248 553 577 593 autuniaveram
606 548 660 591 ob
694 559 883 602 pappum
917 547 1166 601 plumosum
1197 546 1264 587 vel
1298 548 1467 587 tantum
1509 543 1797 586 barbellatum

86 610 131 652 in
156 621 315 663 genera
342 609 467 663 plura
492 608 803 652 divellendum.
829 606 1046 649 transitus
1070 605 1184 646 enim
1208 603 1423 646 manifesti
1446 603 1618 645 adsunt.

525 763 776 818 specierum
804 762 1094 806 Orientalium
1121 761 1364 815 dispositio.

395 898 519 942 Sssc‘r.
554 897 589 941 Ι.
625 896 923 940 CHEIROLEPIS.
959 920 1016 927 —
1047 895 1226 951 Pappus
1253 896 1497 950 plumosus.

150 1026 187 1081 g.
226 1027 260 1067 1.
296 1020 823 1078 Eucheirolepidei.
856 1046 910 1052 -
935 1021 1192 1076 Phyllorum
1228 1020 1446 1075 appendix
1470 1032 1605 1075 parva
1640 1021 1685 1062 in
1718 1019 1806 1073 spi-

389 1083 519 1126 nulas
543 1081 884 1138 palmatipartita
907 1081 1033 1137 spina
1054 1080 1274 1123 terminali
1297 1079 1507 1134 longiore.

93 1175 188 1260 cll).
206 1173 451 1228 drobifolz'us,
482 1170 750 1220 Lz'banotieus,
778 1172 1088 1221 Cappadocicus,
1113 1172 1315 1218 βοσοοεαε,
1346 1170 1547 1217 Kotsolzyi,
1579 1169 1810 1214 declinatus,

128 1233 154 1260 a
173 1233 347 1260 aomcus.

158 1334 179 1392 ξ
212 1335 252 1378 2.
291 1333 627 1392 Iteophylli.
682 1357 739 1364 —
810 1333 1067 1388 Phyllorum
1123 1332 1344 1388 appendix
1406 1331 1491 1373 late
1548 1330 1809 1374 orbicularis

395 1393 793 1496 1isstlxillriltigaoatodacera.
815 1415 872 1422 —-
891 1391 1040 1435 Facies
1063 1389 1386 1444 Chartolepidis
1409 1390 1487 1433 sed
1516 1402 1685 1444 pappus
1707 1402 1809 1434 con·

146 1534 192 1571 P.
216 1535 407 1582 salz'ynus.

219 1664 341 1708 Sec‘r.
375 1665 428 1709 II.
462 1664 829 1708 EUPHAEOPAPPUS.
859 1689 914 1695 —
941 1664 1116 1720 Pappus
1142 1664 1408 1707 barbellatus
1434 1664 1505 1706 vel
1526 1664 1695 1706 scaber.

162 1791 260 1847 53.
295 1786 747 1845 Macrocephali.
797 1814 846 1820 —
904 1791 1070 1833 Plantae
1115 1790 1310 1833 robustae
1373 1789 1560 1833 latifoliae
1616 1788 1817 1843 capitulis

400 1849 585 1902 magnis,
606 1848 799 1893 flosculis
822 1861 908 1892 non
936 1849 1225 1893 radiantibus.

179 1938 197 1956 *
223 1937 461 1985 Phyllorum
478 1938 715 1986 appendices
736 1938 1098 1975 fimbriato-eiliatae
1121 1940 1292 1976 inermes
1308 1938 1372 1975 vel
1393 1938 1507 1985 spina
1524 1937 1758 1974 terminatae.

137 2016 201 2071 ‚R
210 2016 306 2070 'leuz-
312 2016 447 2061 eoz'des,
458 2015 689 2070 spectabilis,
704 2027 934 2063 αναηεοειιε,
944 2018 1098 2055 Armen
1104 2029 1163 2064 us,
1176 2018 1379 2066 rupestrz's,
1394 2016 1460 2054 Ha
1466 2015 1695 2059 asskneehti,
1711 2014 1818 2052 obtu-

102 2063 270 2112 szfolms‚
288 2063 593 2101 carthamozdes.

156 2160 174 2178 “’
202 2160 219 2177 *
245 2160 480 2207 Phyllorum
498 2161 736 2208 appendices
748 2161 1010 2207 integerrimae
1024 2162 1064 2197 in
1079 2170 1307 2198 mucronem
1322 2160 1385 2197 vel
1398 2160 1553 2208 spinam
1569 2160 1771 2197 abeuntes.

155 2231 202 2268 P.
222 2230 447 2276 dec-umens,
458 2232 762 2279 yymnocladus.

167 2348 206 2403 ἕ.
240 2349 279 2391 4.
313 2346 751 2405 Microcephali.
793 2373 849 2381 —
900 2350 1067 2393 Plantae
1106 2349 1304 2393 caulibus
1344 2353 1387 2392 ct
1430 2349 1564 2392 ramis
1616 2347 1824 2391 tenuibus

411 2408 607 2462 virgatis.
634 2408 748 2451 foliis
777 2410 990 2463 angustis,
1019 2408 1221 2464 capitulis
1248 2408 1546 2451 mediocribus
1565 2406 1633 2449 vel
1650 2407 1825 2460 parvis;

409 2478 517 2520 grex
530 2467 637 2510 facie
649 2468 812 2522 saepius
829 2469 881 2511 ad
895 2467 1145 2511 Centaureae
1163 2467 1274 2510 Sect.
1285 2465 1587 2520 Aerolopleum
1602 2465 1825 2508 accedens.

396 2554 416 2572 *
441 2554 677 2602 Phyllorum
706 2557 941 2604 appendices
966 2556 1330 2593 fimbriato-ciliatae
1354 2557 1541 2592 inermes.

159 2633 206 2670 P.
225 2634 448 2679 menemus,
465 2634 693 2683 Ram-echa,
712 2635 981 2684 amblyolepis‚
998 2636 1200 2673 dicht-oux.

207 2736 222 2749 '
253 2730 272 2747 *
298 2731 532 2777 Phyllorum
552 2732 787 2779 appendices
807 2733 847 2769 in
872 2734 1028 2817 εἳίηειῐῖι
1050 2733 1271 2780 simplicem
1294 2732 1357 2769 vel
1373 2732 1460 2769 basi
1484 2731 1731 2779 spinulosam

871 2791 895 2816 a
926 2791 1003 2816 eun
1023 2791 1073 2817 es.

164 2850 208 2887 P.
225 2849 582 2897 mim-olenchoides‚
600 2853 816 2900 scoparius,
835 2852 1036 2889 saxatilis.

306 2948 325 2966 *
351 2949 370 2966 “
398 2948 416 2967 ·
443 2948 679 2995 Phyllorum
694 2950 928 2998 appendices
944 2951 1150 2998 palmatim
1167 2952 1206 2986 et
1221 2949 1397 2986 breviter
1411 2949 1640 2996 spinulosae.

162 3018 214 3056 P.
229 3018 388 3058 Sceveni

1548 3066 1598 3103 38
