2066 3296
106 205 408 243 Mierolonehus.
834 213 1080 239 COMPOSITAE.
1739 203 1813 239 ‘701

158 285 362 332 Specimen
383 284 581 320 minutum
600 284 760 319 unicum
786 283 870 319 vidi
898 283 1015 329 hujus
1041 284 1184 330 speciei
1204 293 1229 319 a
1249 283 1302 319 M.
1326 283 1574 320 Salmantica
1593 286 1634 319 ut
1658 284 1817 319 videtur

108 333 237 368 radice
255 335 388 367 annua
405 331 656 377 flosculisque
674 330 916 366 abbreviatis
935 331 1152 376 praesertim
1173 331 1378 366 distinctae.
1397 330 1571 366 Achenia
1592 331 1692 366 radii
1714 342 1814 377 prae-

105 381 212 415 terea
229 389 333 424 saepe
350 388 551 425 epapposa
565 377 632 413 sed
651 387 702 413 an
721 377 803 412 haec
822 379 914 412 nota
935 380 997 413 sat
1015 379 1150 423 gravis
1164 379 1179 412 ἵ)
1193 398 1238 403 —
1256 377 1311 413 M.
1337 377 1497 413 tenellas
1514 378 1643 424 Spach
1662 378 1732 413 loc.
1751 379 1813 413 cit.

109 435 189 462 non
206 429 268 461 sat
283 426 436 461 differre
455 425 627 461 videtur.

154 489 215 524 Ar.
243 488 373 533 Geoqr.
401 487 608 534 Hispania,
622 486 816 532 Sardinia,
837 486 980 532 Sicilia,
1000 487 1127 523 Africa
1148 486 1330 522 borealis.

305 610 346 650 -l-
375 609 416 650 -ξ-
445 605 628 652 Capitula
647 615 780 651 parva.
799 604 976 640 Achenia
995 604 1113 640 laevia
1135 604 1200 640 vel
1221 605 1387 641 obscure
1405 605 1607 651 rugulosa.

169 704 207 745 3.
241 704 310 746 M.
335 702 747 757 oliqochaetus,
770 713 961 752 annuus,
979 702 1146 744 minute
1166 704 1208 744 et
1230 714 1357 756 parce
1376 715 1616 745 araneosus
1635 704 1808 745 tandem

102 762 385 815 glabrescens
435 761 543 803 collo
575 761 738 814 saepius
766 760 1002 813 capitulum
1037 761 1191 803 sessile
1227 762 1419 804 centrale
1468 761 1624 812 edenti,
1652 763 1811 805 divari-

107 821 236 863 catim
263 832 463 862 ramosus
480 819 613 860 ramis
629 819 838 861 brevibus
864 818 1086 861 interdum
1111 820 1404 874 subprolifere
1432 821 1675 868 ramulosis‚
1701 821 1812 863 soliis

107 879 371 921 radicalibus
409 877 604 930 oblongis
631 877 826 920 breviter
862 877 1078 931 petiolatis
1119 878 1340 931 repandis,
1378 879 1538 921 rameis
1566 880 1810 933 angustatis

104 937 424 980 subsessilibus
448 936 633 979 dentatis
658 936 725 977 vel
748 936 1031 989 pinnatifidiS,
1052 937 1252 991 capitulis
1275 937 1456 979 minutis
1481 938 1678 991 oblongis
1697 939 1811 980 radi-

104 996 188 1038 cali
213 999 256 1038 et
281 995 459 1039 centrali
484 1007 706 1037 ramorum
734 995 978 1045 sessilibus,
1005 995 1256 1038 lateralibus
1285 996 1481 1038 breviter
1506 997 1811 1050 pedunculatis

108 1054 356 1104 bracteatis,
379 1054 592 1096 involucri
617 1054 983 1096 araneoso-lanati
1002 1054 1163 1107 phyllis
1187 1055 1390 1096 scariosis
1415 1055 1610 1109 margine
1628 1059 1811 1109 anguste

110 1113 450 1156 membranaceis
474 1112 818 1166 triangularibus
842 1115 886 1154 et
905 1112 1102 1164 oblongis
1126 1113 1171 1154 in
1194 1113 1415 1167 cuspidem
1445 1113 1692 1156 subulatam
1718 1115 1812 1156 lon-

107 1184 203 1226 gam
240 1172 313 1213 vix
350 1171 670 1225 spinescentem
705 1171 897 1224 patulam
935 1171 1186 1224 attenuatis,
1219 1172 1384 1213 intimis
1420 1172 1602 1214 rubellis
1641 1173 1812 1226 longius

103 1230 363 1284 ⁴cuspidatis,
396 1230 591 1272 flosculis
628 1229 796 1272 carneis
823 1230 1010 1272 exsertis
1038 1241 1124 1272 non
1152 1230 1438 1279 radiantibus,
1473 1231 1664 1273 achcniis
1697 1243 1811 1274 com-

108 1288 609 1343 presso-subtetragonis
637 1288 821 1330 obscure
837 1288 1059 1341 rugulosis
1079 1288 1172 1331 basi
1196 1290 1447 1342 attenuatis,
1465 1302 1607 1343 pappo
1631 1293 1812 1333 externo

103 1348 216 1390 setis
253 1347 521 1390 tenuissimis
561 1347 710 1400 paucis
748 1348 927 1389 achenio
962 1347 1220 1400 aequilongis
1254 1351 1493 1395 constante,
1519 1349 1659 1390 intimi
1688 1350 1813 1403 palea

108 1406 201 1450 basi
226 1405 401 1448 dilatata
428 1406 624 1459 elongata
655 1409 720 1456 O.
750 1404 1012 1458 Oliyoclzaeta
1037 1405 1283 1447 divaricata
1311 1405 1354 1447 C.
1383 1407 1501 1448 Koch
1524 1406 1650 1449 Linn.
1673 1407 1812 1459 XVII,

108 1477 150 1518 p.
181 1463 237 1506 4‘2
282 1488 338 1494 —
364 1463 594 1507 Serratala
616 1462 864 1505 divaricata
884 1464 929 1505 F.
958 1468 1000 1507 et
1022 1465 1074 1506 M.
1103 1477 1183 1507 ne.
1208 1464 1339 1507 Prod.
1366 1465 1438 1517 VI,
1463 1467 1560 1507 641.

155 1536 258 1572 Hab.
277 1536 316 1572 in
335 1537 522 1572 Armenia
541 1536 703 1572 Rossica
723 1535 774 1571 ad
792 1535 1121 1572 Nackitschewan
1148 1537 1296 1582 (Szov!‚
1325 1537 1369 1574 C.
1394 1537 1533 1583 Koch),
1560 1548 1672 1584 prov.
1692 1539 1813 1574 Ader-

107 1582 245 1631 bidjan
263 1584 406 1620 Persiae
421 1583 537 1628 <Szov
549 1584 586 1628 1),
605 1593 725 1630 prope
743 1583 925 1618 Bibersin
944 1587 953 1618 l
963 1583 1147 1627 Buhsel).

155 1646 271 1682 Rami
288 1646 588 1693 2-5-pollicaresr
615 1646 710 1681 folia
738 1645 926 1681 radicalia
946 1657 1036 1682 cum
1064 1647 1210 1693 petiolo
1230 1647 1574 1694 1-1¹l2-pollicaria,
1601 1650 1772 1695 capitula
1791 1651 1812 1684 7

108 1693 235 1729 lineas
253 1694 383 1739 longa,
406 1693 614 1729 achenium
633 1694 700 1735 170
720 1693 787 1727 lin.
805 1694 981 1738 longum.
1001 1694 1127 1740 Pappi
1146 1698 1239 1729 setae
1259 1695 1400 1730 sub-20
1418 1696 1458 1730 in
1483 1696 1675 1731 annulum
1698 1696 1811 1732 facile

105 1740 294 1776 deciduae.
315 1741 416 1776 Huic
435 1742 478 1776 ut
496 1750 720 1785 synonyma
738 1740 778 1775 in
794 1740 870 1775 Bth
883 1744 920 1775 et
938 1740 1069 1776 Hook.
1090 1741 1188 1776 Gen.
1207 1741 1251 1784 II,
1268 1742 1338 1777 476
1353 1743 1550 1778 immerito
1568 1743 1813 1789 conjungun-

111 1787 247 1823 turM
266 1787 509 1824 divaricatus
537 1797 610 1822 nc.
643 1787 798 1822 Indicus
829 1787 940 1822 caule
966 1787 1211 1829 dichotomo‚
1242 1788 1425 1835 capitulis
1453 1790 1669 1835 majoribus
1695 1790 1812 1836 longe

109 1834 182 1880 ped
191 1834 381 1870 unculatis
396 1834 523 1878 nudis,
538 1834 662 1880 spinis
681 1834 1125 1875 validioribus,achenio
1145 1835 1345 1880 ruguloso,
1359 1845 1489 1882 pappo
1507 1837 1530 1871 4
1548 1837 1671 1872 lineas
1689 1837 1810 1883 longo

105 1881 304 1925 diversus,
314 1884 352 1917 et
371 1881 594 1919 Centaurea
612 1880 754 1928 patula
767 1891 843 1916 Dc.
864 1881 1041 1927 specifice
1059 1884 1095 1917 et
1110 1883 1286 1927 generice
1300 1882 1451 1929 phyllis
1470 1884 1695 1929 pectinatim
1707 1884 1813 1920 cilia-

108 1927 160 1963 tis
178 1931 216 1964 et
231 1929 352 1975 pappi
366 1930 560 1964 structura
578 1928 711 1963 omnio
728 1928 866 1963 aliena.

171 2043 211 2083 4.
243 2042 315 2084 M.
346 2040 655 2089 minimus,
695 2040 864 2083 minute
898 2045 941 2083 et
969 2042 1162 2095 crispule
1200 2043 1447 2096 pubescens
1482 2056 1623 2086 nanus
1658 2057 1681 2086 a
1707 2045 1815 2087 collo

109 2099 370 2143 brevissime
394 2111 609 2151 ramosus,
636 2099 750 2142 foliis
771 2099 919 2153 parvis
947 2100 1141 2142 breviter
1163 2101 1379 2155 petiolatis
1405 2103 1814 2157 ovato-spathulatis

106 2161 234 2201 acute
257 2159 458 2208 crenatis,
485 2157 687 2211 capitulis
709 2157 891 2201 minutis
915 2159 1144 2201 sessilibus
1171 2160 1369 2213 oblongis
1396 2161 1449 2203 ob
1472 2173 1697 2204 ramorum
1716 2161 1815 2204 bre-

109 2218 290 2260 vitatem
312 2217 472 2272 saepius
496 2216 700 2259 confertis
722 2217 837 2258 foliis
861 2218 1044 2259 summis
1069 2217 1314 2271 bracteatis,
1340 2219 1553 2262 involucri
1574 2220 1816 2274 pubescen-

109 2275 167 2318 tis
206 2276 366 2329 phyllis
404 2275 747 2328 triangularibus
786 2279 829 2317 et
868 2276 1115 2318 lanceolatis
1155 2277 1198 2319 in
1241 2278 1467 2332 cuspidem
1512 2279 1812 2321 tenuissimam

111 2335 285 2387 longam
318 2334 531 2376 inermem
569 2334 761 2387 patulam
798 2335 1049 2385 attenuatis,
1075 2335 1269 2378 flosculis
1303 2338 1444 2379 roseis
1479 2337 1625 2390 phylla
1664 2337 1817 2380 intima

69 2400 71 2403 ’
111 2393 239 2446 longe
277 2392 501 2446 cuspidata
539 2404 624 2434 non
661 2392 950 2446 aequantibus‚
985 2394 1175 2436 acheniis
1215 2395 1406 2437 minimis
1442 2395 1626 2438 laevibus
1666 2396 1816 2438 nitidis

107 2450 461 2504 subcompressis
487 2450 580 2493 basi
612 2452 847 2494 attenuatis
880 2452 999 2505 apice
1034 2453 1302 2506 marginatis.
1339 2454 1470 2508 pappi
1506 2454 1677 2496 externi
1708 2455 1815 2497 setis

107 2509 222 2552 albis
243 2509 514 2552 tenuissimis
538 2508 716 2552 achenio
748 2510 1019 2564 aequilongis,
1045 2511 1187 2552 intimi
1212 2512 1332 2564 palea
1354 2513 1447 2554 basi
1472 2512 1647 2554 dilatata
1671 2525 1814 2568 pappo

112 2567 250 2610 multo
273 2568 468 2620 longiore
498 2571 563 2619 Θ.

159 2639 260 2676 Hab.
278 2640 319 2675 in
338 2640 470 2676 Persia
487 2639 587 2676 inter
609 2640 795 2676 Kaschan
813 2643 850 2677 et
870 2642 1088 2686 Nasrabad,
1105 2653 1224 2689 prope
1244 2642 1429 2687 Kerman,
1449 2645 1487 2679 et
1507 2643 1547 2678 in
1566 2653 1678 2690 prov.
1708 2644 1814 2680 Kho-

112 2696 248 2723 rassan
267 2686 369 2723 inter
390 2687 595 2723 Schahrud
614 2690 651 2723 et
669 2688 893 2735 Nischapur
913 2689 1061 2735 (Bgel).

161 2749 362 2786 Foliorum
381 2750 615 2786 radicalium
633 2751 782 2787 lamina
799 2752 822 2787 4
840 2752 964 2788 lineas
990 2753 1120 2798 longa,
1144 2753 1316 2800 capitula
1334 2754 1389 2789 eis
1408 2753 1461 2789 M.
1482 2753 1701 2800 olz'qochoetz'
1722 2754 1814 2789 sub·

113 2796 286 2842 minora;
298 2797 388 2833 huic
406 2797 533 2833 affinis
554 2797 623 2834 sed
641 2799 781 2841 minor,
800 2798 917 2843 foliis,
937 2799 1109 2835 flosculis
1128 2801 1334 2841 involucro
1354 2801 1619 2844 brevioribus,
1637 2801 1812 2837 acheniis

114 2841 343 2879 laevissimis
361 2844 496 2880 nitidis
514 2845 621 2891 apice
641 2845 717 2880 sub
735 2847 913 2892 margine
927 2849 1096 2892 angusto
1115 2847 1372 2893 strangulatis
1393 2848 1584 2883 distincta.

176 2957 215 2997 5.
248 2956 316 2999 M.
345 2956 686 3012 alhispinus
719 2958 828 3014 (Bge
864 2959 956 3001 Del.
1004 2959 1115 3002 Sem.
1161 2960 1298 3014 Dorp.
1345 2962 1470 3012 1843,
1513 2975 1550 3016 p.
1584 2963 1622 3004 8.
1652 2987 1705 2992 —
1746 2962 1811 3004 Pl.
