2071 3241
82 225 310 261 Artemisia.
813 232 894 257 com
900 231 1059 257 posJTAE.
1713 223 1784 258 367

126 305 265 342 Planta
284 304 548 351 polymorpha
568 304 618 338 ab
636 304 683 339 A.
705 301 913 339 maritima?
934 302 972 337 L.
993 303 1041 337 ad
1060 313 1180 348 quarn
1199 313 1285 337 eam
1306 305 1482 337 auctores
1499 302 1630 348 plures
1649 303 1781 338 forsan

81 363 159 389 non
186 352 383 387 immerito
413 351 629 386 retulerunt
662 350 844 397 capitulis
875 351 1010 384 erectis
1042 355 1080 384 et
1109 350 1229 384 ramis
1261 360 1339 384 non
1370 350 1602 384 nutantibus
1632 352 1783 384 tantuin

82 400 240 436 diversa
261 401 298 434 et
315 410 338 433 a
356 399 492 433 multis
510 399 550 432 in
569 399 716 444 species
744 398 969 432 innumeras
997 397 1287 432 characteribus
1317 399 1378 431 sat
1406 397 1529 431 firmis
1549 407 1625 431 non
1647 397 1784 431 distin-

83 447 257 493 guendas
276 446 416 480 divisa.
451 445 502 480 A.
526 444 682 481 Gallica
701 444 832 479 Willd.
859 446 999 490 praeter
1027 444 1190 479 lacinias
1217 443 1403 478 foliorum
1434 443 1722 479 subcrassiores
1746 446 1785 478 et

82 493 255 540 capitula
290 494 366 527 fere
402 503 556 538 semper
590 495 761 535 angusta
795 492 1010 537 paucitlora
1041 501 1119 526 non
1148 491 1326 537 specifice
1357 491 1512 525 differre
1532 491 1696 526 videtur.
1728 491 1779 526 A.

82 540 346 585 Lessinqiana
375 538 475 575 var?
500 539 710 586 subalpina
741 538 822 582 Bge
841 538 895 573 Pl.
918 538 1040 572 Lehm
1081 549 1128 573 ex
1158 541 1290 573 monte
1320 537 1492 572 Karatau
1510 538 1784 572 'surkes-laniae

83 599 127 623 cu
147 598 192 622 us
210 586 422 622 frustulum
445 586 730 621 benevolentia»
756 586 802 620 cl.
822 586 992 620 auctoris
1013 585 1139 620 debeo
1164 585 1215 620 ab
1234 585 1281 619 A.
1304 583 1568 630 Lessinssz'anc‘i
1594 584 1698 619 foliis
1717 585 1786 619 sso-

83 599 233 670 rafibus
253 644 329 669 non
349 633 541 678 elongatis
561 635 599 667 et
615 644 657 668 ca
689 633 795 667 itulis
815 632 1042 678 paueissoris
1070 632 1212 676 differt,
1232 634 1416 667 caeterum
1438 635 1643 677 utramque
1663 632 1785 666 liben-

83 685 140 717 ter
156 682 293 717 foi-mis
309 681 358 716 A.
376 681 608 727 fraffl'antz's
627 691 648 715 a
680 690 854 715 numero.

127 746 190 780 Ar.
213 744 346 788 Geoqr.
377 744 581 789 Hispania,
600 743 733 778 Gallia
752 742 949 787 australis,
967 742 1092 785 Italia,
1123 742 1230 787 regio
1252 741 1497 784 Danubiulis,
1531 741 1669 776 Bossia
1695 752 1784 776 nus-

83 791 203 836 tralis‚
221 791 365 826 Sibiria
382 791 585 826 Uralensis
605 795 643 825 et
657 790 811 825 Altaica.

144 922 208 964 14.
243 922 306 964 A.
343 920 647 976 Sogdiana
678 921 800 975 (Bge.
832 921 891 962 Pl.
919 920 1064 962 Lehm.
1090 933 1130 974 p.
1159 920 1265 974 343)
1293 920 1500 973 adpresse
1530 932 1649 973 cana,
1686 932 1784 962 cau-

82 980 196 1022 libus
225 980 404 1034 virgatis
442 992 496 1021 ex
533 980 676 1022 radice
713 980 915 1022 indurata
954 980 1110 1021 erectis
1147 979 1417 1031 simplicibus
1455 979 1498 1020 in
1537 980 1778 1032 particulam

83 1039 250 1092 longam
273 1039 615 1081 racemifermem
641 1039 774 1080 ramis
800 1038 1011 1080 brevibus
1035 1038 1185 1091 rigidis
1209 1037 1487 1089 abeuntibus,
1514 1038 1627 1080 foliis
1646 1050 1785 1079 ramo-

81 1111 182 1140 rum
215 1098 431 1140 sterilium
468 1098 670 1140 brevium
705 1097 899 1139 breviter
930 1097 1146 1150 petiolatis
1173 1096 1335 1139 ambitu
1375 1096 1573 1148 oblongis
1600 1097 1784 1149 pinnati-

83 1157 213 1199 sectis
249 1156 482 1210 scgmcntIS
518 1156 697 1198 minutis
732 1156 942 1210 02-3-jugis
980 1155 1120 1198 ovatis
1152 1156 1197 1197 in
1225 1155 1401 1197 lacinias
1429 1156 1786 1208 ovato-oblongas

84 1215 292 1268 rigidulas
320 1216 534 1258 carinatas
559 1215 737 1257 obtusas
759 1215 946 1269 partilis,
964 1214 1075 1256 foliis
1099 1214 1283 1257 caulinis
1307 1214 1534 1256 diminutis
1556 1213 1649 1256 basi
1672 1216 1786 1257 auri-

83 1274 250 1325 culatis‚
273 1274 499 1317 floralibus
522 1274 739 1326 indivisis,
763 1274 964 1326 capitulis
989 1274 1123 1316 dense
1146 1273 1323 1326 spicatis
1349 1273 1582 1315 sessilibus
1607 1273 1785 1326 quadri-

83 1333 204 1375 floris
226 1333 490 1386 cylindricis,
512 1333 727 1375 involucri
746 1333 1015 1375 canescentis
1040 1332 1175 1374 dense
1194 1332 1606 1384 resinoso-punetati
1625 1333 1786 1385 phyllis

83 1391 305 1434 herbaceis
323 1391 563 1434 imbrIcatis
585 1392 637 1434 ab
661 1392 854 1434 externis
880 1391 1153 1434 brevissimis
1177 1391 1229 1432 acl
1253 1391 1402 1432 intima
1428 1391 1785 1443 lineari-oblonga

82 1450 275 1503 margine
296 1450 470 1504 liyalina
491 1450 654 1492 sensim
682 1450 820 1493 auctis
858 1457 917 1497 26.

82 1523 231 1605 PlH‘ab.
249 1523 299 1558 ad
313 1523 511 1568 margines
529 1523 641 1558 fluvii
655 1522 890 1558 Sarafschan
906 1534 1025 1569 prope
1040 1522 1289 1557 Sarnarkand
1303 1522 1578 1558 'l'urkestaniae
1595 1522 1782 1567 (Lelnnl).

102 1570 111 1581 ¹
131 1597 138 1604 .
157 1570 258 1616 Sept.

129 1633 273 1669 Caules
294 1633 452 1679 pedales
471 1638 508 1669 et
525 1633 833 1680 sesquipedales,
854 1633 1043 1678 panicula·r
1067 1633 1166 1667 rami
1187 1632 1386 1667 interiores
1417 1632 1503 1668 6-10
1521 1633 1645 1668 lineas
1664 1633 1784 1678 longi,

83 1680 176 1715 folia
197 1681 386 1715 radicalia
413 1681 666 1727 cum'petiolo
694 1680 894 1727 pollicaria
914 1680 1037 1715 limbo
1063 1681 1125 1713 (3-7
1144 1680 1270 1714 lineas
1290 1682 1442 1714 tantuin
1463 1680 1583 1725 longo
1629 1680 1784 1726 Species

83 1727 187 1762 foliis
208 1727 332 1762 firmis
350 1728 624 1763 crassiusculis
645 1729 858 1773 segmentis
881 1728 1044 1762 minutis
1065 1737 1203 1766 parum
1224 1727 1364 1761 divisis
1382 1731 1416 1761 et
1437 1728 1622 1772 panicula
1640 1737 1784 1772 angus-

84 1775 237 1810 tissima
255 1786 278 1809 a
296 1775 433 1810 formis
451 1774 775 1811 A.Herbce-albae
792 1777 829 1813 et
842 1775 1071 1821 fmgyrcmtz's
1092 1778 1132 1809 ut
1152 1774 1305 1809 videtur
1323 1776 1383 1808 sat
1401 1774 1594 1809 distincta.

145 1914 210 1954 15.
243 1913 304 1955 A.
343 1913 611 1956 serotina
642 1912 763 1966 (Bge.
793 1914 848 1966 pl.
886 1912 1029 1954 Lelnn.
1072 1926 1108 1966 p.
1140 1914 1244 1957 3411)
1285 1912 1493 1964 ailprcsse
1525 1915 1785 1954 toinentoso-

83 1984 200 2022 cana,
223 1972 420 2014 caulibus
445 1972 601 2013 erectis
625 1972 750 2013 elatis
774 1972 998 2014 llerhaccis
1018 1973 1106 2025 jam
1133 1971 1260 2024 paulo
1287 1982 1422 2023 supra
1451 1971 1570 2013 basin
1596 1971 1640 2012 in
1663 1972 1784 2025 pani-

83 2031 222 2073 culam
239 2030 407 2083 longam
430 2034 645 2084 patentem
664 2030 940 2081 abeuntibus,
959 2032 1069 2072 soliis
1087 2029 1368 2072 inferioribus
1390 2029 1602 2082 petiolutis
1621 2030 1782 2071 ambitu

83 2089 220 2132 ovatis
243 2090 287 2131 in
312 2089 489 2131 lacinias
508 2089 695 2131 lineares
719 2089 875 2130 breves
899 2089 1262 2144 bipinnatiscctis,
1281 2088 1464 2129 caulinis
1487 2089 1539 2130 ad
1561 2101 1783 2130 ramorum

82 2148 265 2190 basinin
286 2151 508 2200 segmenta
530 2148 888 2190 lineari-cuneata
913 2148 1170 2202 3-5-pa1·tila
1199 2148 1266 2188 vel
1290 2147 1372 2188 fida
1397 2147 1541 2189 seclis.
1558 2147 1784 2189 floralibus

83 2207 221 2249 ovatis
245 2206 437 2258 minutis,
473 2207 674 2259 capitulis
700 2207 968 2249 subtrissoris
1001 2206 1253 2261 cylindricis
1280 2205 1322 2246 in
1351 2205 1491 2258 spicas
1518 2206 1783 2247 laxiusculas

84 2276 209 2307 secus
249 2277 395 2308 ramos
437 2265 680 2318 dispositis,
717 2266 931 2308 involucri
971 2265 1330 2308 cano-tomentosi
1370 2264 1783 2317 resinoso-puuctati

84 2324 243 2377 phyllis
267 2323 321 2365 ab
343 2324 467 2367 infer.
492 2323 715 2367 herbaceis
742 2325 879 2367 ovatis
901 2324 951 2366 ad
978 2325 1125 2366 intima
1153 2326 1243 2365 sere
1268 2323 1442 2365 omniuo
1466 2323 1655 2366 scariosa
1684 2333 1782 2363 scn-

85 2381 168 2425 sim
193 2384 330 2425 auctis
365 2389 424 2431 26.

131 2455 235 2491 Hab.
256 2457 356 2492 inter
373 2456 532 2492 Bukara
550 2459 588 2492 et
601 2456 848 2493 Samarkand
863 2457 1137 2492 'surkestania-
1157 2457 1299 2501 (Lelnn
1312 2459 1347 2498 !).
1368 2456 1422 2491 Fl.
1441 2457 1545 2503 Sept.

132 2519 274 2555 Caules
294 2531 383 2555 cum
400 2520 584 2566 panicula
601 2521 906 2567 &ffb-pedalesv
936 2520 1115 2566 panicula
1137 2519 1426 2565 sesquipedalis
1455 2530 1573 2554 ramis
1592 2519 1783 2553 interiori-

85 2565 159 2601 hus
178 2567 523 2613 4-5-pollicaribus,
543 2567 714 2613 capitula
731 2569 799 2612 1¹l⁴
820 2568 887 2602 lin.
905 2568 1033 2612 longa.
1062 2567 1219 2613 Species
1239 2578 1262 2601 a
1281 2566 1430 2602 caeteris
1459 2566 1640 2601 sectionis
1662 2565 1784 2600 cauli*

85 2612 158 2648 bus
177 2614 378 2650 herbaceis
397 2613 692 2661 p1·oceris‚foliis
711 2614 954 2650 intermediis
973 2615 1014 2649 in
1032 2618 1236 2660 segmenta
1255 2616 1421 2649 cuneata
1435 2613 1574 2648 divisis
1591 2613 1783 2648 distincta.

146 2753 215 2794 16.
251 2753 313 2795 A.
350 2753 625 2805 Aucheri,
659 2754 866 2796 fruticosa
890 2757 1130 2796 tomeulosa
1157 2754 1221 2795 vel
1247 2765 1481 2794 canescens
1503 2752 1786 2794 iussoresccu-

86 2811 145 2852 tia
171 2811 345 2854 demum
377 2812 586 2865 glabrata,
623 2813 819 2855 caulibus
860 2813 1038 2866 virgatis
1077 2813 1121 2854 in
1156 2812 1399 2866 paniculam
1440 2811 1678 2864 simplicem
1718 2812 1784 2853 vel

87 2871 368 2922 compositam
395 2871 590 2913 strictam
617 2883 880 2914 racemosam
909 2872 1101 2913 breviter
1124 2883 1337 2912 ramos-sun
1370 2870 1646 2917 abeuntibus,
1674 2869 1784 2911 foliis

89 2928 234 2980 parvis
261 2929 454 2972 breviter
480 2930 698 2984 petiolatis
724 2931 885 2973 ambitu
915 2930 1251 2972 suborbiculalis
1285 2930 1327 2970 iu
1366 2929 1540 2970 lacinias
1569 2929 1785 2971 confertas

88 2986 295 3039 rigidulas
321 2988 515 3030 breviter
551 2989 776 3031 subulatas
805 2989 1015 3042 pinnatun
1043 2989 1111 3030 vel
1135 2988 1392 3041 bipinnatim
1420 2988 1548 3029 sectis
1576 2988 1629 3028 ad
1664 2987 1785 3029 basin
