<?xml version="1.0" encoding="UTF-8"?>
<!DOCTYPE html PUBLIC "-//W3C//DTD XHTML 1.0 Transitional//EN"
    "http://www.w3.org/TR/xhtml1/DTD/xhtml1-transitional.dtd">
<html xmlns="http://www.w3.org/1999/xhtml" xml:lang="en" lang="en">
 <head>
  <title>
</title>
<meta http-equiv="Content-Type" content="text/html;charset=utf-8" />
  <meta name='ocr-system' content='tesseract 3.04.00' />
  <meta name='ocr-capabilities' content='ocr_page ocr_carea ocr_par ocr_line ocrx_word'/>
</head>
<body>
  <div class='ocr_page' id='page_1' title='image "./floraorientaliss03bois/floraorientaliss03bois_0383.png"; bbox 0 0 2071 3241; ppageno 0'>
   <div class='ocr_carea' id='block_1_1' title="bbox 106 218 1806 262">
    <p class='ocr_par' dir='ltr' id='par_1_1' title="bbox 106 218 1806 262">
     <span class='ocr_line' id='line_1_1' title="bbox 106 218 1806 262; baseline -0.005 0"><span class='ocrx_word' id='word_1_1' title='bbox 106 224 325 262; x_wconf 71' lang='lat' dir='ltr'>Antlaema&#39;s.</span> <span class='ocrx_word' id='word_1_2' title='bbox 834 229 1078 257; x_wconf 72' lang='lat' dir='ltr'>composrrAE.</span> <span class='ocrx_word' id='word_1_3' title='bbox 1736 218 1806 255; x_wconf 79' lang='lat'>297</span> 
     </span>
    </p>
   </div>
   <div class='ocr_carea' id='block_1_2' title="bbox 103 301 1807 1065">
    <p class='ocr_par' dir='ltr' id='par_1_2' title="bbox 103 301 1807 1065">
     <span class='ocr_line' id='line_1_2' title="bbox 168 301 1806 361; baseline -0.002 -12"><span class='ocrx_word' id='word_1_4' title='bbox 168 308 236 349; x_wconf 79' lang='lat'>36.</span> <span class='ocrx_word' id='word_1_5' title='bbox 269 306 332 349; x_wconf 78' lang='lat' dir='ltr'>A.</span> <span class='ocrx_word' id='word_1_6' title='bbox 369 306 674 361; x_wconf 76' lang='lat' dir='ltr'>pectinata</span> <span class='ocrx_word' id='word_1_7' title='bbox 698 303 716 359; x_wconf 63' lang='grc' dir='ltr'>ζ</span> <span class='ocrx_word' id='word_1_8' title='bbox 737 303 876 346; x_wconf 87' lang='lat' dir='ltr'>Boiss.</span> <span class='ocrx_word' id='word_1_9' title='bbox 922 303 1073 357; x_wconf 88' lang='lat' dir='ltr'>Diagn.</span> <span class='ocrx_word' id='word_1_10' title='bbox 1102 301 1194 345; x_wconf 87' lang='lat' dir='ltr'>Ser.</span> <span class='ocrx_word' id='word_1_11' title='bbox 1222 303 1254 356; x_wconf 89' lang='grc' dir='ltr'>Ι,</span> <span class='ocrx_word' id='word_1_12' title='bbox 1280 304 1320 351; x_wconf 80' lang='grc'>4,</span> <span class='ocrx_word' id='word_1_13' title='bbox 1344 316 1382 357; x_wconf 82' lang='lat' dir='ltr'>p.</span> <span class='ocrx_word' id='word_1_14' title='bbox 1410 304 1469 356; x_wconf 88' lang='lat'>6)</span> <span class='ocrx_word' id='word_1_15' title='bbox 1507 305 1667 356; x_wconf 84' lang='lat' dir='ltr'>praeter</span> <span class='ocrx_word' id='word_1_16' title='bbox 1691 302 1806 356; x_wconf 89' lang='lat' dir='ltr'>pilos</span> 
     </span>
     <span class='ocr_line' id='line_1_3' title="bbox 107 360 1805 418; baseline -0.003 -9"><span class='ocrx_word' id='word_1_17' title='bbox 107 366 161 409; x_wconf 78' lang='lat' dir='ltr'>ad</span> <span class='ocrx_word' id='word_1_18' title='bbox 194 366 295 408; x_wconf 86' lang='lat' dir='ltr'>folia</span> <span class='ocrx_word' id='word_1_19' title='bbox 316 365 522 407; x_wconf 80' lang='lat' dir='ltr'>inferiora</span> <span class='ocrx_word' id='word_1_20' title='bbox 556 363 861 418; x_wconf 89' lang='lat' dir='ltr'>sparsissimos</span> <span class='ocrx_word' id='word_1_21' title='bbox 893 363 1077 415; x_wconf 83' lang='lat' dir='ltr'>glabra.·</span> <span class='ocrx_word' id='word_1_22' title='bbox 1097 361 1294 405; x_wconf 89' lang='lat' dir='ltr'>caulibus</span> <span class='ocrx_word' id='word_1_23' title='bbox 1322 360 1570 404; x_wconf 84' lang='lat' dir='ltr'>numerosis</span> <span class='ocrx_word' id='word_1_24' title='bbox 1597 362 1805 404; x_wconf 82' lang='lat' dir='ltr'>tenuibus</span> 
     </span>
     <span class='ocr_line' id='line_1_4' title="bbox 107 420 1806 477; baseline -0.002 -10"><span class='ocrx_word' id='word_1_25' title='bbox 107 425 197 468; x_wconf 78' lang='lat' dir='ltr'>basi</span> <span class='ocrx_word' id='word_1_26' title='bbox 218 424 386 467; x_wconf 75' lang='lat' dir='ltr'>foliosis</span> <span class='ocrx_word' id='word_1_27' title='bbox 413 422 734 477; x_wconf 86' lang='lat' dir='ltr'>monocephalis</span> <span class='ocrx_word' id='word_1_28' title='bbox 760 422 903 463; x_wconf 86' lang='lat' dir='ltr'>rarius</span> <span class='ocrx_word' id='word_1_29' title='bbox 933 422 1054 476; x_wconf 80' lang='lat' dir='ltr'>apice</span> <span class='ocrx_word' id='word_1_30' title='bbox 1084 433 1210 474; x_wconf 86' lang='lat' dir='ltr'>parce</span> <span class='ocrx_word' id='word_1_31' title='bbox 1243 424 1286 464; x_wconf 91' lang='lat' dir='ltr'>et</span> <span class='ocrx_word' id='word_1_32' title='bbox 1318 420 1576 474; x_wconf 80' lang='lat' dir='ltr'>corymbose</span> <span class='ocrx_word' id='word_1_33' title='bbox 1604 420 1806 477; x_wconf 78' lang='lat' dir='ltr'>ramosis,</span> 
     </span>
     <span class='ocr_line' id='line_1_5' title="bbox 105 478 1806 534; baseline -0.004 -8"><span class='ocrx_word' id='word_1_34' title='bbox 105 483 218 527; x_wconf 79' lang='lat' dir='ltr'>soliis</span> <span class='ocrx_word' id='word_1_35' title='bbox 242 482 424 525; x_wconf 90' lang='lat' dir='ltr'>minutis</span> <span class='ocrx_word' id='word_1_36' title='bbox 449 481 678 524; x_wconf 87' lang='lat' dir='ltr'>sessilibus</span> <span class='ocrx_word' id='word_1_37' title='bbox 710 479 875 523; x_wconf 87' lang='lat' dir='ltr'>ambitu</span> <span class='ocrx_word' id='word_1_38' title='bbox 899 480 1092 522; x_wconf 86' lang='lat' dir='ltr'>breviter</span> <span class='ocrx_word' id='word_1_39' title='bbox 1116 479 1356 523; x_wconf 76' lang='lat' dir='ltr'>linearibus</span> <span class='ocrx_word' id='word_1_40' title='bbox 1379 479 1629 534; x_wconf 70' lang='lat' dir='ltr'>pectinatim</span> <span class='ocrx_word' id='word_1_41' title='bbox 1653 478 1806 532; x_wconf 86' lang='lat' dir='ltr'>pinna-</span> 
     </span>
     <span class='ocr_line' id='line_1_6' title="bbox 105 537 1804 594; baseline -0.004 -9"><span class='ocrx_word' id='word_1_42' title='bbox 105 542 271 585; x_wconf 81' lang='lat' dir='ltr'>tisectis</span> <span class='ocrx_word' id='word_1_43' title='bbox 317 541 554 594; x_wconf 80' lang='lat' dir='ltr'>segmentis</span> <span class='ocrx_word' id='word_1_44' title='bbox 601 539 804 582; x_wconf 81' lang='lat' dir='ltr'>confertis</span> <span class='ocrx_word' id='word_1_45' title='bbox 841 538 1050 581; x_wconf 87' lang='lat' dir='ltr'>brevibus</span> <span class='ocrx_word' id='word_1_46' title='bbox 1086 539 1446 581; x_wconf 86' lang='lat' dir='ltr'>lineari-setaceis</span> <span class='ocrx_word' id='word_1_47' title='bbox 1490 538 1643 590; x_wconf 81' lang='lat' dir='ltr'>rigidis</span> <span class='ocrx_word' id='word_1_48' title='bbox 1687 537 1804 579; x_wconf 84' lang='lat' dir='ltr'>albo-</span> 
     </span>
     <span class='ocr_line' id='line_1_7' title="bbox 106 596 1807 652; baseline -0.003 -9"><span class='ocrx_word' id='word_1_49' title='bbox 106 600 373 643; x_wconf 83' lang='lat' dir='ltr'>mucronalis</span> <span class='ocrx_word' id='word_1_50' title='bbox 399 600 602 642; x_wconf 85' lang='lat' dir='ltr'>indivisis</span> <span class='ocrx_word' id='word_1_51' title='bbox 625 599 696 642; x_wconf 94' lang='lat' dir='ltr'>vel</span> <span class='ocrx_word' id='word_1_52' title='bbox 715 599 807 640; x_wconf 88' lang='lat' dir='ltr'>basi</span> <span class='ocrx_word' id='word_1_53' title='bbox 831 598 1116 652; x_wconf 70' lang='lat' dir='ltr'>2-3-partitis‚</span> <span class='ocrx_word' id='word_1_54' title='bbox 1140 597 1252 640; x_wconf 83' lang='lat' dir='ltr'>foliis</span> <span class='ocrx_word' id='word_1_55' title='bbox 1276 597 1461 640; x_wconf 90' lang='lat' dir='ltr'>summis</span> <span class='ocrx_word' id='word_1_56' title='bbox 1490 596 1679 639; x_wconf 89' lang='lat' dir='ltr'>minimis</span> <span class='ocrx_word' id='word_1_57' title='bbox 1703 597 1807 639; x_wconf 90' lang='lat' dir='ltr'>sub-</span> 
     </span>
     <span class='ocr_line' id='line_1_8' title="bbox 104 655 1802 712; baseline -0.003 -10"><span class='ocrx_word' id='word_1_58' title='bbox 104 659 301 711; x_wconf 78' lang='lat' dir='ltr'>integris,</span> <span class='ocrx_word' id='word_1_59' title='bbox 347 658 548 712; x_wconf 87' lang='lat' dir='ltr'>capitulis</span> <span class='ocrx_word' id='word_1_60' title='bbox 591 657 737 711; x_wconf 86' lang='lat' dir='ltr'>parvis</span> <span class='ocrx_word' id='word_1_61' title='bbox 782 658 906 710; x_wconf 83' lang='lat' dir='ltr'>longe</span> <span class='ocrx_word' id='word_1_62' title='bbox 944 656 1248 710; x_wconf 85' lang='lat' dir='ltr'>pedunculalis</span> <span class='ocrx_word' id='word_1_63' title='bbox 1296 657 1540 707; x_wconf 87' lang='lat' dir='ltr'>discoideis,</span> <span class='ocrx_word' id='word_1_64' title='bbox 1586 655 1802 698; x_wconf 76' lang='lat' dir='ltr'>involucri</span> 
     </span>
     <span class='ocr_line' id='line_1_9' title="bbox 105 714 1806 773; baseline -0.001 -14"><span class='ocrx_word' id='word_1_65' title='bbox 105 717 243 773; x_wconf 80' lang='lat' dir='ltr'>glabri</span> <span class='ocrx_word' id='word_1_66' title='bbox 266 718 428 772; x_wconf 88' lang='lat' dir='ltr'>phyllis</span> <span class='ocrx_word' id='word_1_67' title='bbox 451 717 691 759; x_wconf 75' lang='lat' dir='ltr'>imbricatis</span> <span class='ocrx_word' id='word_1_68' title='bbox 721 716 889 759; x_wconf 86' lang='lat' dir='ltr'>obtusis</span> <span class='ocrx_word' id='word_1_69' title='bbox 918 720 1099 769; x_wconf 85' lang='lat' dir='ltr'>anguste</span> <span class='ocrx_word' id='word_1_70' title='bbox 1140 715 1515 768; x_wconf 74' lang='lat' dir='ltr'>albo-marginafis</span> <span class='ocrx_word' id='word_1_71' title='bbox 1549 714 1601 757; x_wconf 90' lang='lat' dir='ltr'>ab</span> <span class='ocrx_word' id='word_1_72' title='bbox 1643 714 1806 757; x_wconf 87' lang='lat' dir='ltr'>infimis</span> 
     </span>
     <span class='ocr_line' id='line_1_10' title="bbox 103 773 1805 830; baseline -0.004 -9"><span class='ocrx_word' id='word_1_73' title='bbox 103 777 243 821; x_wconf 82' lang='lat' dir='ltr'>ovatis</span> <span class='ocrx_word' id='word_1_74' title='bbox 270 777 323 818; x_wconf 86' lang='lat' dir='ltr'>ad</span> <span class='ocrx_word' id='word_1_75' title='bbox 350 775 503 819; x_wconf 89' lang='lat' dir='ltr'>intima</span> <span class='ocrx_word' id='word_1_76' title='bbox 532 775 714 827; x_wconf 83' lang='lat' dir='ltr'>oblonga</span> <span class='ocrx_word' id='word_1_77' title='bbox 750 774 912 817; x_wconf 84' lang='lat' dir='ltr'>sensim</span> <span class='ocrx_word' id='word_1_78' title='bbox 946 775 1104 823; x_wconf 77' lang='lat' dir='ltr'>auctis,</span> <span class='ocrx_word' id='word_1_79' title='bbox 1143 775 1405 830; x_wconf 74' lang='lat' dir='ltr'>receptaculi</span> <span class='ocrx_word' id='word_1_80' title='bbox 1443 773 1625 817; x_wconf 83' lang='lat' dir='ltr'>convexi</span> <span class='ocrx_word' id='word_1_81' title='bbox 1668 774 1805 827; x_wconf 86' lang='lat' dir='ltr'>paleis</span> 
     </span>
     <span class='ocr_line' id='line_1_11' title="bbox 105 833 1807 888; baseline -0.002 -10"><span class='ocrx_word' id='word_1_82' title='bbox 105 834 301 888; x_wconf 82' lang='lat' dir='ltr'>oblongis</span> <span class='ocrx_word' id='word_1_83' title='bbox 328 835 532 888; x_wconf 84' lang='lat' dir='ltr'>carinatis</span> <span class='ocrx_word' id='word_1_84' title='bbox 561 835 699 877; x_wconf 87' lang='lat' dir='ltr'>acutis</span> <span class='ocrx_word' id='word_1_85' title='bbox 734 834 899 876; x_wconf 84' lang='lat' dir='ltr'>discum</span> <span class='ocrx_word' id='word_1_86' title='bbox 938 847 1025 876; x_wconf 89' lang='lat' dir='ltr'>non</span> <span class='ocrx_word' id='word_1_87' title='bbox 1053 834 1343 888; x_wconf 84' lang='lat' dir='ltr'>aequantibus‚</span> <span class='ocrx_word' id='word_1_88' title='bbox 1383 833 1571 876; x_wconf 85' lang='lat' dir='ltr'>acheniis</span> <span class='ocrx_word' id='word_1_89' title='bbox 1614 833 1807 874; x_wconf 87' lang='lat' dir='ltr'>breviter</span> 
     </span>
     <span class='ocr_line' id='line_1_12' title="bbox 104 892 1803 949; baseline -0.003 -12"><span class='ocrx_word' id='word_1_90' title='bbox 104 892 604 949; x_wconf 88' lang='lat' dir='ltr'>obconico-cylindricis</span> <span class='ocrx_word' id='word_1_91' title='bbox 643 893 823 935; x_wconf 82' lang='lat' dir='ltr'>laevibus</span> <span class='ocrx_word' id='word_1_92' title='bbox 872 893 1001 935; x_wconf 89' lang='lat' dir='ltr'>nudis</span> <span class='ocrx_word' id='word_1_93' title='bbox 1057 893 1251 936; x_wconf 87' lang='lat' dir='ltr'>externis</span> <span class='ocrx_word' id='word_1_94' title='bbox 1295 892 1696 947; x_wconf 78' lang='lat' dir='ltr'>subquadrangulis</span> <span class='ocrx_word' id='word_1_95' title='bbox 1744 898 1803 938; x_wconf 53' lang='grc' dir='ltr'>Ψ.</span> 
     </span>
     <span class='ocr_line' id='line_1_13' title="bbox 103 950 1804 1006; baseline -0.004 -10"><span class='ocrx_word' id='word_1_96' title='bbox 103 952 255 996; x_wconf 76' lang='lat' dir='ltr'>Gotula</span> <span class='ocrx_word' id='word_1_97' title='bbox 277 953 554 1006; x_wconf 79' lang='lat' dir='ltr'>complanata</span> <span class='ocrx_word' id='word_1_98' title='bbox 577 952 639 994; x_wconf 88' lang='lat' dir='ltr'>Fl.</span> <span class='ocrx_word' id='word_1_99' title='bbox 667 952 807 995; x_wconf 84' lang='lat' dir='ltr'>Graec.</span> <span class='ocrx_word' id='word_1_100' title='bbox 833 951 908 1002; x_wconf 82' lang='lat' dir='ltr'>IX,</span> <span class='ocrx_word' id='word_1_101' title='bbox 936 965 977 1006; x_wconf 91' lang='lat' dir='ltr'>p.</span> <span class='ocrx_word' id='word_1_102' title='bbox 1003 951 1182 1004; x_wconf 73' lang='lat' dir='ltr'>62‚.tab.</span> <span class='ocrx_word' id='word_1_103' title='bbox 1211 953 1310 994; x_wconf 86' lang='lat'><strong>879.</strong></span> <span class='ocrx_word' id='word_1_104' title='bbox 1334 975 1391 980; x_wconf 95' lang='lat'><strong>—</strong></span> <span class='ocrx_word' id='word_1_105' title='bbox 1424 950 1670 1004; x_wconf 71' lang='lat' dir='ltr'>Lyomectia</span> <span class='ocrx_word' id='word_1_106' title='bbox 1708 961 1804 1002; x_wconf 74' lang='lat' dir='ltr'>pec-</span> 
     </span>
     <span class='ocr_line' id='line_1_14' title="bbox 105 1011 1069 1065; baseline 0 -12"><span class='ocrx_word' id='word_1_107' title='bbox 105 1011 248 1054; x_wconf 77' lang='lat' dir='ltr'>tinata</span> <span class='ocrx_word' id='word_1_108' title='bbox 271 1024 350 1057; x_wconf 70' lang='lat' dir='ltr'>nc.</span> <span class='ocrx_word' id='word_1_109' title='bbox 373 1012 527 1054; x_wconf 66' lang='lat' dir='ltr'>Prodi:</span> <span class='ocrx_word' id='word_1_110' title='bbox 551 1011 645 1065; x_wconf 83' lang='lat' dir='ltr'>VII,</span> <span class='ocrx_word' id='word_1_111' title='bbox 674 1024 713 1065; x_wconf 91' lang='lat' dir='ltr'>p.</span> <span class='ocrx_word' id='word_1_112' title='bbox 743 1012 826 1053; x_wconf 64' lang='lat'>295</span> <span class='ocrx_word' id='word_1_113' title='bbox 852 1022 906 1053; x_wconf 84' lang='lat' dir='ltr'>ex</span> <span class='ocrx_word' id='word_1_114' title='bbox 932 1014 1069 1065; x_wconf 89' lang='lat' dir='ltr'>parte.</span> 
     </span>
    </p>
   </div>
   <div class='ocr_carea' id='block_1_3' title="bbox 101 1083 1805 1216">
    <p class='ocr_par' dir='ltr' id='par_1_3' title="bbox 101 1083 1805 1216">
     <span class='ocr_line' id='line_1_15' title="bbox 150 1083 1805 1132; baseline -0.001 -12"><span class='ocrx_word' id='word_1_115' title='bbox 150 1084 249 1120; x_wconf 87' lang='lat' dir='ltr'>Hah.</span> <span class='ocrx_word' id='word_1_116' title='bbox 270 1085 311 1120; x_wconf 88' lang='lat' dir='ltr'>in</span> <span class='ocrx_word' id='word_1_117' title='bbox 330 1086 481 1132; x_wconf 88' lang='lat' dir='ltr'>campis</span> <span class='ocrx_word' id='word_1_118' title='bbox 500 1085 678 1121; x_wconf 82' lang='lat' dir='ltr'>Thraciae</span> <span class='ocrx_word' id='word_1_119' title='bbox 696 1085 880 1121; x_wconf 83' lang='lat' dir='ltr'>littoralis</span> <span class='ocrx_word' id='word_1_120' title='bbox 901 1094 1020 1131; x_wconf 85' lang='lat' dir='ltr'>prope</span> <span class='ocrx_word' id='word_1_121' title='bbox 1040 1084 1145 1119; x_wconf 91' lang='lat' dir='ltr'>Enos</span> <span class='ocrx_word' id='word_1_122' title='bbox 1165 1084 1374 1129; x_wconf 75' lang='lat' dir='ltr'>(Grisebl),</span> <span class='ocrx_word' id='word_1_123' title='bbox 1397 1083 1522 1130; x_wconf 76' lang='lat' dir='ltr'>Lydia</span> <span class='ocrx_word' id='word_1_124' title='bbox 1542 1085 1580 1119; x_wconf 88' lang='lat' dir='ltr'>in</span> <span class='ocrx_word' id='word_1_125' title='bbox 1604 1083 1805 1119; x_wconf 87' lang='lat' dir='ltr'>montibus</span> 
     </span>
     <span class='ocr_line' id='line_1_16' title="bbox 103 1130 1804 1179; baseline 0 -12"><span class='ocrx_word' id='word_1_126' title='bbox 103 1130 334 1168; x_wconf 84' lang='lat' dir='ltr'>Bournabat</span> <span class='ocrx_word' id='word_1_127' title='bbox 362 1143 482 1179; x_wconf 90' lang='lat' dir='ltr'>prope</span> <span class='ocrx_word' id='word_1_128' title='bbox 510 1132 722 1178; x_wconf 84' lang='lat' dir='ltr'>Smyrnam</span> <span class='ocrx_word' id='word_1_129' title='bbox 753 1132 932 1177; x_wconf 83' lang='lat' dir='ltr'>(Boissl)‚</span> <span class='ocrx_word' id='word_1_130' title='bbox 964 1133 1004 1167; x_wconf 88' lang='lat' dir='ltr'>in</span> <span class='ocrx_word' id='word_1_131' title='bbox 1034 1132 1174 1168; x_wconf 87' lang='lat' dir='ltr'>Rhodo</span> <span class='ocrx_word' id='word_1_132' title='bbox 1202 1132 1374 1167; x_wconf 78' lang='lat' dir='ltr'>indicata</span> <span class='ocrx_word' id='word_1_133' title='bbox 1404 1142 1451 1167; x_wconf 87' lang='lat' dir='ltr'>ex</span> <span class='ocrx_word' id='word_1_134' title='bbox 1484 1132 1603 1167; x_wconf 84' lang='lat' dir='ltr'>Auch.</span> <span class='ocrx_word' id='word_1_135' title='bbox 1628 1131 1696 1166; x_wconf 83' lang='lat' dir='ltr'>sed</span> <span class='ocrx_word' id='word_1_136' title='bbox 1719 1132 1804 1177; x_wconf 78' lang='lat' dir='ltr'>eJ&#39;us</span> 
     </span>
     <span class='ocr_line' id='line_1_17' title="bbox 101 1178 1183 1216; baseline -0.001 -2"><span class='ocrx_word' id='word_1_137' title='bbox 101 1178 291 1215; x_wconf 78' lang='lat' dir='ltr'>schedula</span> <span class='ocrx_word' id='word_1_138' title='bbox 304 1180 437 1215; x_wconf 84' lang='lat' dir='ltr'>forsan</span> <span class='ocrx_word' id='word_1_139' title='bbox 456 1190 543 1215; x_wconf 91' lang='lat' dir='ltr'>cum</span> <span class='ocrx_word' id='word_1_140' title='bbox 563 1182 609 1216; x_wconf 73' lang='lat' dir='ltr'>ea</span> <span class='ocrx_word' id='word_1_141' title='bbox 629 1180 679 1216; x_wconf 85' lang='lat' dir='ltr'>A.</span> <span class='ocrx_word' id='word_1_142' title='bbox 697 1178 915 1216; x_wconf 75' lang='lat' dir='ltr'>Rhodensis</span> <span class='ocrx_word' id='word_1_143' title='bbox 931 1182 1183 1215; x_wconf 83' lang='lat' dir='ltr'>commutata.</span> 
     </span>
    </p>
   </div>
   <div class='ocr_carea' id='block_1_4' title="bbox 159 1253 1505 1308">
    <p class='ocr_par' dir='ltr' id='par_1_4' title="bbox 159 1253 1505 1308">
     <span class='ocr_line' id='line_1_18' title="bbox 159 1253 1505 1308; baseline -0.001 -13"><span class='ocrx_word' id='word_1_144' title='bbox 159 1253 204 1308; x_wconf 86' lang='grc' dir='ltr'>β.</span> <span class='ocrx_word' id='word_1_145' title='bbox 238 1254 428 1297; x_wconf 77' lang='lat' dir='ltr'>radiata.</span> <span class='ocrx_word' id='word_1_146' title='bbox 457 1279 511 1286; x_wconf 87' lang='lat'>-—</span> <span class='ocrx_word' id='word_1_147' title='bbox 540 1255 705 1308; x_wconf 81' lang='lat' dir='ltr'>Ligulae</span> <span class='ocrx_word' id='word_1_148' title='bbox 727 1253 835 1297; x_wconf 82' lang='lat' dir='ltr'>albae</span> <span class='ocrx_word' id='word_1_149' title='bbox 854 1253 1114 1297; x_wconf 88' lang='lat' dir='ltr'>brevissime</span> <span class='ocrx_word' id='word_1_150' title='bbox 1140 1253 1505 1295; x_wconf 59' lang='lat' dir='ltr'>ovato-rotundae.</span> 
     </span>
    </p>
   </div>
   <div class='ocr_carea' id='block_1_5' title="bbox 150 1327 1207 1377">
    <p class='ocr_par' dir='ltr' id='par_1_5' title="bbox 150 1327 1207 1377">
     <span class='ocr_line' id='line_1_19' title="bbox 150 1327 1207 1377; baseline -0.003 -12"><span class='ocrx_word' id='word_1_151' title='bbox 150 1328 253 1365; x_wconf 85' lang='lat' dir='ltr'>Hah.</span> <span class='ocrx_word' id='word_1_152' title='bbox 274 1339 362 1365; x_wconf 89' lang='lat' dir='ltr'>cum</span> <span class='ocrx_word' id='word_1_153' title='bbox 380 1331 476 1377; x_wconf 83' lang='lat' dir='ltr'>typo</span> <span class='ocrx_word' id='word_1_154' title='bbox 496 1329 536 1365; x_wconf 86' lang='lat' dir='ltr'>in</span> <span class='ocrx_word' id='word_1_155' title='bbox 555 1329 757 1365; x_wconf 88' lang='lat' dir='ltr'>montibus</span> <span class='ocrx_word' id='word_1_156' title='bbox 782 1328 1012 1365; x_wconf 76' lang='lat' dir='ltr'>Boni-nabat</span> <span class='ocrx_word' id='word_1_157' title='bbox 1029 1327 1207 1372; x_wconf 83' lang='lat' dir='ltr'>(Boissl).</span> 
     </span>
    </p>
   </div>
   <div class='ocr_carea' id='block_1_6' title="bbox 102 1390 1801 1524">
    <p class='ocr_par' dir='ltr' id='par_1_6' title="bbox 102 1390 1801 1524">
     <span class='ocr_line' id='line_1_20' title="bbox 147 1390 1801 1440; baseline -0.002 -12"><span class='ocrx_word' id='word_1_158' title='bbox 147 1392 304 1440; x_wconf 87' lang='lat' dir='ltr'>Species</span> <span class='ocrx_word' id='word_1_159' title='bbox 331 1393 512 1429; x_wconf 82' lang='lat' dir='ltr'>caulibus</span> <span class='ocrx_word' id='word_1_160' title='bbox 539 1392 804 1438; x_wconf 79' lang='lat' dir='ltr'>fililormibus‚</span> <span class='ocrx_word' id='word_1_161' title='bbox 831 1392 1016 1428; x_wconf 83' lang='lat' dir='ltr'>foliorum</span> <span class='ocrx_word' id='word_1_162' title='bbox 1041 1391 1255 1438; x_wconf 83' lang='lat' dir='ltr'>segmentis</span> <span class='ocrx_word' id='word_1_163' title='bbox 1282 1391 1590 1433; x_wconf 80' lang='lat' dir='ltr'>confertissimis,</span> <span class='ocrx_word' id='word_1_164' title='bbox 1617 1390 1801 1438; x_wconf 83' lang='lat' dir='ltr'>capitulis</span> 
     </span>
     <span class='ocr_line' id='line_1_21' title="bbox 102 1436 1801 1524; baseline -0.002 -47"><span class='ocrx_word' id='word_1_165' title='bbox 102 1440 298 1524; x_wconf 54' lang='lat' dir='ltr'>ffissssfflss,</span> <span class='ocrx_word' id='word_1_166' title='bbox 320 1440 549 1487; x_wconf 83' lang='lat' dir='ltr'>maj0ribus‚</span> <span class='ocrx_word' id='word_1_167' title='bbox 576 1439 773 1477; x_wconf 84' lang='lat' dir='ltr'>involucri</span> <span class='ocrx_word' id='word_1_168' title='bbox 802 1439 953 1488; x_wconf 84' lang='lat' dir='ltr'>phyllis</span> <span class='ocrx_word' id='word_1_169' title='bbox 983 1438 1138 1475; x_wconf 85' lang='lat' dir='ltr'>obtusis</span> <span class='ocrx_word' id='word_1_170' title='bbox 1156 1439 1209 1475; x_wconf 86' lang='lat' dir='ltr'>ab</span> <span class='ocrx_word' id='word_1_171' title='bbox 1233 1438 1281 1474; x_wconf 84' lang='grc' dir='ltr'>Α.</span> <span class='ocrx_word' id='word_1_172' title='bbox 1302 1436 1503 1486; x_wconf 61' lang='lat' dir='ltr'>amphylld</span> <span class='ocrx_word' id='word_1_173' title='bbox 1534 1440 1572 1474; x_wconf 86' lang='lat' dir='ltr'>et</span> <span class='ocrx_word' id='word_1_174' title='bbox 1601 1437 1801 1485; x_wconf 55' lang='lat' dir='ltr'>Taygete&amp;</span> 
     </span>
    </p>
   </div>
   <div class='ocr_carea' id='block_1_7' title="bbox 92 1601 1804 2662">
    <p class='ocr_par' dir='ltr' id='par_1_7' title="bbox 92 1601 1804 2186">
     <span class='ocr_line' id='line_1_22' title="bbox 162 1601 1803 1657; baseline 0.001 -14"><span class='ocrx_word' id='word_1_175' title='bbox 162 1601 229 1644; x_wconf 81' lang='lat'>37.</span> <span class='ocrx_word' id='word_1_176' title='bbox 262 1602 322 1648; x_wconf 79' lang='lat' dir='ltr'>A.</span> <span class='ocrx_word' id='word_1_177' title='bbox 349 1602 661 1657; x_wconf 81' lang='lat' dir='ltr'>Smyrnaea</span> <span class='ocrx_word' id='word_1_178' title='bbox 683 1602 840 1656; x_wconf 84' lang='lat' dir='ltr'>(Boiss.</span> <span class='ocrx_word' id='word_1_179' title='bbox 860 1602 1010 1655; x_wconf 81' lang='lat' dir='ltr'>Diagn.</span> <span class='ocrx_word' id='word_1_180' title='bbox 1038 1601 1136 1644; x_wconf 63' lang='lat' dir='ltr'>Ser:</span> <span class='ocrx_word' id='word_1_181' title='bbox 1158 1602 1190 1654; x_wconf 85' lang='lat' dir='ltr'>l,</span> <span class='ocrx_word' id='word_1_182' title='bbox 1215 1603 1254 1653; x_wconf 71' lang='lat'>4,</span> <span class='ocrx_word' id='word_1_183' title='bbox 1280 1614 1322 1655; x_wconf 89' lang='lat' dir='ltr'>p.</span> <span class='ocrx_word' id='word_1_184' title='bbox 1349 1602 1393 1655; x_wconf 82' lang='lat'>7)</span> <span class='ocrx_word' id='word_1_185' title='bbox 1420 1601 1629 1656; x_wconf 85' lang='lat' dir='ltr'>adpresse</span> <span class='ocrx_word' id='word_1_186' title='bbox 1652 1613 1803 1644; x_wconf 87' lang='lat' dir='ltr'>canes-</span> 
     </span>
     <span class='ocr_line' id='line_1_23' title="bbox 103 1660 1803 1709; baseline -0.002 -4"><span class='ocrx_word' id='word_1_187' title='bbox 103 1661 502 1709; x_wconf 80' lang='lat' dir='ltr'>centi-subsericea,</span> <span class='ocrx_word' id='word_1_188' title='bbox 532 1662 731 1704; x_wconf 86' lang='lat' dir='ltr'>caulibus</span> <span class='ocrx_word' id='word_1_189' title='bbox 773 1661 1021 1704; x_wconf 82' lang='lat' dir='ltr'>numerosis</span> <span class='ocrx_word' id='word_1_190' title='bbox 1063 1660 1402 1704; x_wconf 72' lang='lat' dir='ltr'>ascendentibus</span> <span class='ocrx_word' id='word_1_191' title='bbox 1434 1661 1604 1703; x_wconf 83' lang='lat' dir='ltr'>inferne</span> <span class='ocrx_word' id='word_1_192' title='bbox 1639 1661 1803 1704; x_wconf 84' lang='lat' dir='ltr'>foliosis</span> 
     </span>
     <span class='ocr_line' id='line_1_24' title="bbox 101 1719 1799 1775; baseline -0.001 -12"><span class='ocrx_word' id='word_1_193' title='bbox 101 1721 436 1774; x_wconf 85' lang='lat' dir='ltr'>monocepbalis‚</span> <span class='ocrx_word' id='word_1_194' title='bbox 459 1720 572 1763; x_wconf 88' lang='lat' dir='ltr'>foliis</span> <span class='ocrx_word' id='word_1_195' title='bbox 598 1721 749 1775; x_wconf 83' lang='lat' dir='ltr'>parvis</span> <span class='ocrx_word' id='word_1_196' title='bbox 776 1720 1005 1763; x_wconf 84' lang='lat' dir='ltr'>sessilibus</span> <span class='ocrx_word' id='word_1_197' title='bbox 1030 1721 1193 1762; x_wconf 86' lang='lat' dir='ltr'>ambitu</span> <span class='ocrx_word' id='word_1_198' title='bbox 1222 1720 1361 1762; x_wconf 84' lang='lat' dir='ltr'>ovatis</span> <span class='ocrx_word' id='word_1_199' title='bbox 1386 1719 1431 1761; x_wconf 91' lang='lat' dir='ltr'>in</span> <span class='ocrx_word' id='word_1_200' title='bbox 1460 1722 1682 1773; x_wconf 83' lang='lat' dir='ltr'>segmenta</span> <span class='ocrx_word' id='word_1_201' title='bbox 1699 1731 1799 1762; x_wconf 86' lang='lat' dir='ltr'>con-</span> 
     </span>
     <span class='ocr_line' id='line_1_25' title="bbox 101 1778 1799 1833; baseline -0.002 -11"><span class='ocrx_word' id='word_1_202' title='bbox 101 1779 339 1822; x_wconf 78' lang='lat' dir='ltr'>fertissima</span> <span class='ocrx_word' id='word_1_203' title='bbox 361 1780 513 1822; x_wconf 87' lang='lat' dir='ltr'>brevia</span> <span class='ocrx_word' id='word_1_204' title='bbox 539 1779 718 1822; x_wconf 79' lang='lat' dir='ltr'>linearia</span> <span class='ocrx_word' id='word_1_205' title='bbox 748 1785 872 1822; x_wconf 83' lang='lat' dir='ltr'>acuta</span> <span class='ocrx_word' id='word_1_206' title='bbox 893 1780 1194 1822; x_wconf 81' lang='lat' dir='ltr'>mucronulata</span> <span class='ocrx_word' id='word_1_207' title='bbox 1220 1778 1405 1821; x_wconf 79' lang='lat' dir='ltr'>indivisa</span> <span class='ocrx_word' id='word_1_208' title='bbox 1431 1782 1474 1821; x_wconf 86' lang='lat' dir='ltr'>et</span> <span class='ocrx_word' id='word_1_209' title='bbox 1492 1779 1799 1833; x_wconf 81' lang='lat' dir='ltr'>subpalmatim</span> 
     </span>
     <span class='ocr_line' id='line_1_26' title="bbox 105 1838 1804 1893; baseline -0.001 -13"><span class='ocrx_word' id='word_1_210' title='bbox 105 1838 322 1881; x_wconf 74' lang='lat' dir='ltr'>2-3-secta</span> <span class='ocrx_word' id='word_1_211' title='bbox 347 1838 658 1892; x_wconf 79' lang='lat' dir='ltr'>pinnatisectis.</span> <span class='ocrx_word' id='word_1_212' title='bbox 676 1839 858 1881; x_wconf 86' lang='lat' dir='ltr'>summis</span> <span class='ocrx_word' id='word_1_213' title='bbox 884 1838 1072 1880; x_wconf 88' lang='lat' dir='ltr'>minimis</span> <span class='ocrx_word' id='word_1_214' title='bbox 1096 1838 1365 1893; x_wconf 72' lang='lat' dir='ltr'>pinnalilitiis</span> <span class='ocrx_word' id='word_1_215' title='bbox 1391 1842 1434 1880; x_wconf 88' lang='lat' dir='ltr'>et</span> <span class='ocrx_word' id='word_1_216' title='bbox 1456 1838 1670 1886; x_wconf 75' lang='lat' dir='ltr'>indivisis,</span> <span class='ocrx_word' id='word_1_217' title='bbox 1689 1839 1804 1890; x_wconf 76' lang='lat' dir='ltr'>capi·</span> 
     </span>
     <span class='ocr_line' id='line_1_27' title="bbox 103 1897 1803 1952; baseline -0.002 -12"><span class='ocrx_word' id='word_1_218' title='bbox 103 1897 208 1940; x_wconf 90' lang='lat' dir='ltr'>tulis</span> <span class='ocrx_word' id='word_1_219' title='bbox 260 1898 530 1951; x_wconf 82' lang='lat' dir='ltr'>longiuscule</span> <span class='ocrx_word' id='word_1_220' title='bbox 571 1897 875 1951; x_wconf 87' lang='lat' dir='ltr'>pedunculatis</span> <span class='ocrx_word' id='word_1_221' title='bbox 924 1898 1074 1952; x_wconf 78' lang='lat' dir='ltr'>parvis</span> <span class='ocrx_word' id='word_1_222' title='bbox 1114 1897 1360 1950; x_wconf 81' lang='lat' dir='ltr'>discoideis,</span> <span class='ocrx_word' id='word_1_223' title='bbox 1399 1897 1612 1939; x_wconf 83' lang='lat' dir='ltr'>involucri</span> <span class='ocrx_word' id='word_1_224' title='bbox 1641 1897 1803 1949; x_wconf 85' lang='lat' dir='ltr'>phyllis</span> 
     </span>
     <span class='ocr_line' id='line_1_28' title="bbox 102 1955 1803 2009; baseline -0.001 -11"><span class='ocrx_word' id='word_1_225' title='bbox 102 1956 310 2009; x_wconf 80' lang='lat' dir='ltr'>adpresse</span> <span class='ocrx_word' id='word_1_226' title='bbox 354 1957 528 1999; x_wconf 87' lang='lat' dir='ltr'>hirtulis</span> <span class='ocrx_word' id='word_1_227' title='bbox 566 1956 618 1999; x_wconf 85' lang='lat' dir='ltr'>ab</span> <span class='ocrx_word' id='word_1_228' title='bbox 650 1956 814 1998; x_wconf 86' lang='lat' dir='ltr'>infimis</span> <span class='ocrx_word' id='word_1_229' title='bbox 840 1956 1182 2009; x_wconf 76' lang='lat' dir='ltr'>triangularibus</span> <span class='ocrx_word' id='word_1_230' title='bbox 1221 1956 1359 1998; x_wconf 81' lang='lat' dir='ltr'>acutis</span> <span class='ocrx_word' id='word_1_231' title='bbox 1385 1957 1438 1998; x_wconf 78' lang='lat' dir='ltr'>ab</span> <span class='ocrx_word' id='word_1_232' title='bbox 1470 1956 1620 1998; x_wconf 79' lang='lat' dir='ltr'>intima</span> <span class='ocrx_word' id='word_1_233' title='bbox 1647 1955 1803 2009; x_wconf 88' lang='lat' dir='ltr'>pallide</span> 
     </span>
     <span class='ocr_line' id='line_1_29' title="bbox 102 2014 1802 2070; baseline -0.001 -13"><span class='ocrx_word' id='word_1_234' title='bbox 102 2014 502 2069; x_wconf 80' lang='lat' dir='ltr'>fusco-marginata</span> <span class='ocrx_word' id='word_1_235' title='bbox 542 2015 706 2058; x_wconf 87' lang='lat' dir='ltr'>sensim</span> <span class='ocrx_word' id='word_1_236' title='bbox 739 2016 891 2063; x_wconf 82' lang='lat' dir='ltr'>auctis,</span> <span class='ocrx_word' id='word_1_237' title='bbox 917 2016 1179 2070; x_wconf 82' lang='lat' dir='ltr'>receptaculi</span> <span class='ocrx_word' id='word_1_238' title='bbox 1218 2015 1401 2057; x_wconf 81' lang='lat' dir='ltr'>convexi</span> <span class='ocrx_word' id='word_1_239' title='bbox 1432 2015 1568 2068; x_wconf 82' lang='lat' dir='ltr'>paleis</span> <span class='ocrx_word' id='word_1_240' title='bbox 1599 2015 1802 2067; x_wconf 81' lang='lat' dir='ltr'>oblongo-</span> 
     </span>
     <span class='ocr_line' id='line_1_30' title="bbox 92 2072 1799 2117; baseline -0.001 -2"><span class='ocrx_word' id='word_1_241' title='bbox 92 2072 350 2117; x_wconf 78' lang='lat' dir='ltr'>·lanceolatis</span> <span class='ocrx_word' id='word_1_242' title='bbox 377 2075 581 2117; x_wconf 84' lang='lat' dir='ltr'>carinatis</span> <span class='ocrx_word' id='word_1_243' title='bbox 606 2074 874 2117; x_wconf 84' lang='lat' dir='ltr'>mucronatis</span> <span class='ocrx_word' id='word_1_244' title='bbox 907 2074 1025 2117; x_wconf 68' lang='lat' dir='ltr'>disco</span> <span class='ocrx_word' id='word_1_245' title='bbox 1066 2073 1362 2116; x_wconf 85' lang='lat' dir='ltr'>brevioribus.</span> <span class='ocrx_word' id='word_1_246' title='bbox 1392 2075 1582 2117; x_wconf 84' lang='lat' dir='ltr'>aeheniis</span> <span class='ocrx_word' id='word_1_247' title='bbox 1619 2073 1799 2115; x_wconf 58' lang='lat' dir='ltr'>laevibus</span> 
     </span>
     <span class='ocr_line' id='line_1_31' title="bbox 103 2132 1622 2186; baseline -0.001 -12"><span class='ocrx_word' id='word_1_248' title='bbox 103 2135 261 2175; x_wconf 74' lang='lat' dir='ltr'>corona</span> <span class='ocrx_word' id='word_1_249' title='bbox 288 2132 409 2176; x_wconf 90' lang='lat' dir='ltr'>brevi</span> <span class='ocrx_word' id='word_1_250' title='bbox 427 2134 610 2186; x_wconf 78' lang='lat' dir='ltr'>integra,</span> <span class='ocrx_word' id='word_1_251' title='bbox 627 2133 821 2177; x_wconf 81' lang='lat' dir='ltr'>externis</span> <span class='ocrx_word' id='word_1_252' title='bbox 845 2133 1109 2176; x_wconf 85' lang='lat' dir='ltr'>abbreviatis</span> <span class='ocrx_word' id='word_1_253' title='bbox 1134 2133 1534 2186; x_wconf 67' lang='lat' dir='ltr'>subquadrangulis</span> <span class='ocrx_word' id='word_1_254' title='bbox 1565 2138 1622 2180; x_wconf 66' lang='lat'>26.</span> 
     </span>
    </p>

    <p class='ocr_par' dir='ltr' id='par_1_8' title="bbox 102 2206 1801 2301">
     <span class='ocr_line' id='line_1_32' title="bbox 149 2206 1801 2255; baseline -0.001 -13"><span class='ocrx_word' id='word_1_255' title='bbox 149 2206 249 2242; x_wconf 84' lang='lat' dir='ltr'>Hah.</span> <span class='ocrx_word' id='word_1_256' title='bbox 271 2207 310 2242; x_wconf 89' lang='lat' dir='ltr'>in</span> <span class='ocrx_word' id='word_1_257' title='bbox 329 2208 485 2254; x_wconf 83' lang='lat' dir='ltr'>regione</span> <span class='ocrx_word' id='word_1_258' title='bbox 500 2208 691 2255; x_wconf 76' lang='lat' dir='ltr'>superiori</span> <span class='ocrx_word' id='word_1_259' title='bbox 706 2209 852 2244; x_wconf 88' lang='lat' dir='ltr'>montis</span> <span class='ocrx_word' id='word_1_260' title='bbox 864 2208 1022 2243; x_wconf 74' lang='lat' dir='ltr'>Coi-acis</span> <span class='ocrx_word' id='word_1_261' title='bbox 1040 2217 1160 2255; x_wconf 90' lang='lat' dir='ltr'>prope</span> <span class='ocrx_word' id='word_1_262' title='bbox 1178 2207 1389 2253; x_wconf 73' lang='lat' dir='ltr'>Smyrnam</span> <span class='ocrx_word' id='word_1_263' title='bbox 1410 2211 1447 2243; x_wconf 86' lang='lat' dir='ltr'>et</span> <span class='ocrx_word' id='word_1_264' title='bbox 1465 2207 1504 2242; x_wconf 89' lang='lat' dir='ltr'>in</span> <span class='ocrx_word' id='word_1_265' title='bbox 1519 2208 1651 2242; x_wconf 88' lang='lat' dir='ltr'>monte</span> <span class='ocrx_word' id='word_1_266' title='bbox 1660 2206 1801 2242; x_wconf 89' lang='lat' dir='ltr'>Tmolo</span> 
     </span>
     <span class='ocr_line' id='line_1_33' title="bbox 102 2254 631 2301; baseline 0.006 -13"><span class='ocrx_word' id='word_1_267' title='bbox 102 2262 224 2300; x_wconf 81' lang='lat' dir='ltr'>supra</span> <span class='ocrx_word' id='word_1_268' title='bbox 244 2254 432 2301; x_wconf 79' lang='lat' dir='ltr'>Bozdagh</span> <span class='ocrx_word' id='word_1_269' title='bbox 452 2255 631 2300; x_wconf 84' lang='lat' dir='ltr'>(Boiss!].</span> 
     </span>
    </p>

    <p class='ocr_par' dir='ltr' id='par_1_9' title="bbox 95 2318 1800 2552">
     <span class='ocr_line' id='line_1_34' title="bbox 160 2318 1800 2374; baseline 0.001 -14"><span class='ocrx_word' id='word_1_270' title='bbox 160 2318 204 2372; x_wconf 75' lang='grc' dir='ltr'>β.</span> <span class='ocrx_word' id='word_1_271' title='bbox 238 2318 519 2362; x_wconf 70' lang='lat' dir='ltr'>flenter-iana.</span> <span class='ocrx_word' id='word_1_272' title='bbox 555 2345 602 2351; x_wconf 86' lang='lat'>—-</span> <span class='ocrx_word' id='word_1_273' title='bbox 630 2320 824 2369; x_wconf 58' lang='lat' dir='ltr'>liadiata,</span> <span class='ocrx_word' id='word_1_274' title='bbox 862 2320 1006 2374; x_wconf 81' lang='lat' dir='ltr'>ligulis</span> <span class='ocrx_word' id='word_1_275' title='bbox 1034 2319 1143 2362; x_wconf 88' lang='lat' dir='ltr'>albis</span> <span class='ocrx_word' id='word_1_276' title='bbox 1176 2320 1283 2363; x_wconf 85' lang='lat' dir='ltr'>disci</span> <span class='ocrx_word' id='word_1_277' title='bbox 1309 2319 1520 2362; x_wconf 81' lang='lat' dir='ltr'>diametro</span> <span class='ocrx_word' id='word_1_278' title='bbox 1551 2318 1800 2372; x_wconf 83' lang='lat' dir='ltr'>sublongio-</span> 
     </span>
     <span class='ocr_line' id='line_1_35' title="bbox 103 2376 1800 2434; baseline 0 -15"><span class='ocrx_word' id='word_1_279' title='bbox 103 2376 239 2425; x_wconf 77' lang='lat' dir='ltr'>ribus.</span> <span class='ocrx_word' id='word_1_280' title='bbox 275 2378 489 2422; x_wconf 89' lang='lat' dir='ltr'>involucri</span> <span class='ocrx_word' id='word_1_281' title='bbox 523 2379 665 2434; x_wconf 84' lang='lat' dir='ltr'>phylla</span> <span class='ocrx_word' id='word_1_282' title='bbox 710 2378 925 2423; x_wconf 84' lang='lat' dir='ltr'>sublatius</span> <span class='ocrx_word' id='word_1_283' title='bbox 967 2380 1156 2422; x_wconf 83' lang='lat' dir='ltr'>scariosa</span> <span class='ocrx_word' id='word_1_284' title='bbox 1184 2378 1379 2433; x_wconf 79' lang='lat' dir='ltr'>margine</span> <span class='ocrx_word' id='word_1_285' title='bbox 1410 2379 1628 2421; x_wconf 86' lang='lat' dir='ltr'>intensius</span> <span class='ocrx_word' id='word_1_286' title='bbox 1667 2378 1800 2429; x_wconf 81' lang='lat' dir='ltr'>fusca,</span> 
     </span>
     <span class='ocr_line' id='line_1_36' title="bbox 95 2436 1793 2492; baseline -0.001 -14"><span class='ocrx_word' id='word_1_287' title='bbox 95 2436 378 2490; x_wconf 34' lang='lat' dir='ltr'>‚acheniorum</span> <span class='ocrx_word' id='word_1_288' title='bbox 412 2449 572 2481; x_wconf 87' lang='lat' dir='ltr'>corona</span> <span class='ocrx_word' id='word_1_289' title='bbox 609 2438 806 2492; x_wconf 85' lang='lat' dir='ltr'>elongata</span> <span class='ocrx_word' id='word_1_290' title='bbox 832 2439 970 2481; x_wconf 86' lang='lat' dir='ltr'>lobata</span> <span class='ocrx_word' id='word_1_291' title='bbox 1006 2439 1183 2481; x_wconf 87' lang='lat' dir='ltr'>achenio</span> <span class='ocrx_word' id='word_1_292' title='bbox 1211 2437 1389 2480; x_wconf 74' lang='lat' dir='ltr'>dimidia</span> <span class='ocrx_word' id='word_1_293' title='bbox 1414 2438 1480 2479; x_wconf 89' lang='lat' dir='ltr'>vel</span> <span class='ocrx_word' id='word_1_294' title='bbox 1505 2438 1633 2480; x_wconf 77' lang='lat' dir='ltr'>tertia</span> <span class='ocrx_word' id='word_1_295' title='bbox 1670 2440 1793 2492; x_wconf 86' lang='lat' dir='ltr'>parte</span> 
     </span>
     <span class='ocr_line' id='line_1_37' title="bbox 102 2493 1471 2552; baseline -0.001 -13"><span class='ocrx_word' id='word_1_296' title='bbox 102 2493 292 2539; x_wconf 83' lang='lat' dir='ltr'>brevior.</span> <span class='ocrx_word' id='word_1_297' title='bbox 317 2519 376 2526; x_wconf 87' lang='lat'><em>-</em></span> <span class='ocrx_word' id='word_1_298' title='bbox 402 2498 452 2539; x_wconf 87' lang='lat' dir='ltr'>A.</span> <span class='ocrx_word' id='word_1_299' title='bbox 483 2496 749 2539; x_wconf 73' lang='lat' dir='ltr'>Reuteriarea</span> <span class='ocrx_word' id='word_1_300' title='bbox 776 2497 914 2541; x_wconf 86' lang='lat' dir='ltr'>Boiss.</span> <span class='ocrx_word' id='word_1_301' title='bbox 942 2497 1093 2551; x_wconf 83' lang='lat' dir='ltr'>Diagn.</span> <span class='ocrx_word' id='word_1_302' title='bbox 1121 2496 1213 2540; x_wconf 85' lang='lat' dir='ltr'>Ser.</span> <span class='ocrx_word' id='word_1_303' title='bbox 1238 2496 1271 2551; x_wconf 92' lang='lat'>1,</span> <span class='ocrx_word' id='word_1_304' title='bbox 1294 2498 1335 2549; x_wconf 82' lang='lat'>4,</span> <span class='ocrx_word' id='word_1_305' title='bbox 1359 2511 1398 2552; x_wconf 89' lang='lat' dir='ltr'>p.</span> <span class='ocrx_word' id='word_1_306' title='bbox 1425 2497 1471 2538; x_wconf 90' lang='lat'>8..</span> 
     </span>
    </p>

    <p class='ocr_par' dir='ltr' id='par_1_10' title="bbox 102 2567 1796 2662">
     <span class='ocr_line' id='line_1_38' title="bbox 102 2567 1796 2662; baseline -0.001 -58"><span class='ocrx_word' id='word_1_307' title='bbox 102 2567 316 2662; x_wconf 38' lang='lat' dir='ltr'>(BH-abbin</span> <span class='ocrx_word' id='word_1_308' title='bbox 335 2569 540 2617; x_wconf 80' lang='lat' dir='ltr'>sylvaticis</span> <span class='ocrx_word' id='word_1_309' title='bbox 558 2570 729 2617; x_wconf 84' lang='lat' dir='ltr'>regionis</span> <span class='ocrx_word' id='word_1_310' title='bbox 764 2570 904 2607; x_wconf 82' lang='lat' dir='ltr'>mediae</span> <span class='ocrx_word' id='word_1_311' title='bbox 941 2572 1085 2607; x_wconf 88' lang='lat' dir='ltr'>montis</span> <span class='ocrx_word' id='word_1_312' title='bbox 1111 2571 1239 2607; x_wconf 84' lang='lat' dir='ltr'>Corax</span> <span class='ocrx_word' id='word_1_313' title='bbox 1265 2571 1402 2617; x_wconf 83' lang='lat' dir='ltr'>Lydiae</span> <span class='ocrx_word' id='word_1_314' title='bbox 1429 2580 1550 2616; x_wconf 87' lang='lat' dir='ltr'>prope</span> <span class='ocrx_word' id='word_1_315' title='bbox 1582 2569 1796 2614; x_wconf 84' lang='lat' dir='ltr'>Smyrnam</span> 
     </span>
    </p>

    <p class='ocr_par' dir='ltr' id='par_1_11' title="bbox 153 2625 282 2652">
     <span class='ocr_line' id='line_1_39' title="bbox 153 2625 282 2652; baseline 0 0"><span class='ocrx_word' id='word_1_316' title='bbox 153 2625 252 2652; x_wconf 77' lang='lat' dir='ltr'>olss.</span> <span class='ocrx_word' id='word_1_317' title='bbox 275 2645 282 2652; x_wconf 88' lang='lat'><strong>.</strong></span> 
     </span>
    </p>
   </div>
   <div class='ocr_carea' id='block_1_8' title="bbox 102 2678 1800 2858">
    <p class='ocr_par' dir='ltr' id='par_1_12' title="bbox 117 2678 1800 2822">
     <span class='ocr_line' id='line_1_40' title="bbox 147 2678 1800 2734; baseline -0.002 -18"><span class='ocrx_word' id='word_1_318' title='bbox 147 2678 282 2716; x_wconf 81' lang='lat' dir='ltr'>Facies</span> <span class='ocrx_word' id='word_1_319' title='bbox 303 2680 354 2716; x_wconf 81' lang='lat' dir='ltr'>A.</span> <span class='ocrx_word' id='word_1_320' title='bbox 373 2681 585 2734; x_wconf 77' lang='lat' dir='ltr'>pectinatoe</span> <span class='ocrx_word' id='word_1_321' title='bbox 601 2692 625 2717; x_wconf 85' lang='lat' dir='ltr'>a</span> <span class='ocrx_word' id='word_1_322' title='bbox 643 2684 722 2729; x_wconf 71' lang='lat' dir='ltr'>qua</span> <span class='ocrx_word' id='word_1_323' title='bbox 746 2681 877 2718; x_wconf 85' lang='lat' dir='ltr'>differt</span> <span class='ocrx_word' id='word_1_324' title='bbox 894 2681 1137 2725; x_wconf 84' lang='lat' dir='ltr'>indumento,</span> <span class='ocrx_word' id='word_1_325' title='bbox 1167 2680 1526 2728; x_wconf 73' lang='lat' dir='ltr'>folior11n1.iacixiiis</span> <span class='ocrx_word' id='word_1_326' title='bbox 1545 2680 1672 2725; x_wconf 83' lang='lat' dir='ltr'>magis</span> <span class='ocrx_word' id='word_1_327' title='bbox 1691 2688 1800 2714; x_wconf 84' lang='lat' dir='ltr'>com-</span> 
     </span>
     <span class='ocr_line' id='line_1_41' title="bbox 127 2724 1796 2774; baseline -0.001 -13"><span class='ocrx_word' id='word_1_328' title='bbox 127 2724 270 2762; x_wconf 84' lang='lat' dir='ltr'>lanatis</span> <span class='ocrx_word' id='word_1_329' title='bbox 287 2729 412 2763; x_wconf 79' lang='lat' dir='ltr'>acutis</span> <span class='ocrx_word' id='word_1_330' title='bbox 430 2727 747 2764; x_wconf 86' lang='lat' dir='ltr'>submucronatis</span> <span class='ocrx_word' id='word_1_331' title='bbox 766 2729 832 2764; x_wconf 85' lang='lat' dir='ltr'>sed</span> <span class='ocrx_word' id='word_1_332' title='bbox 853 2739 932 2765; x_wconf 88' lang='lat' dir='ltr'>non</span> <span class='ocrx_word' id='word_1_333' title='bbox 954 2727 1018 2764; x_wconf 90' lang='lat' dir='ltr'>lon</span> <span class='ocrx_word' id='word_1_334' title='bbox 1051 2739 1070 2764; x_wconf 91' lang='lat' dir='ltr'>e</span> <span class='ocrx_word' id='word_1_335' title='bbox 1088 2728 1422 2774; x_wconf 67' lang='lat' dir='ltr'>albo-spiculatis,</span> <span class='ocrx_word' id='word_1_336' title='bbox 1441 2728 1615 2763; x_wconf 80' lang='lat' dir='ltr'>acheniis</span> <span class='ocrx_word' id='word_1_337' title='bbox 1634 2736 1796 2761; x_wconf 81' lang='lat' dir='ltr'>corona·</span> 
     </span>
     <span class='ocr_line' id='line_1_42' title="bbox 117 2739 1800 2822; baseline -0.001 -14"><span class='ocrx_word' id='word_1_338' title='bbox 117 2772 163 2817; x_wconf 79' lang='lat' dir='ltr'>is.</span> <span class='ocrx_word' id='word_1_339' title='bbox 183 2773 324 2809; x_wconf 83' lang='lat' dir='ltr'>Caules</span> <span class='ocrx_word' id='word_1_340' title='bbox 342 2777 477 2810; x_wconf 85' lang='lat' dir='ltr'>tenues</span> <span class='ocrx_word' id='word_1_341' title='bbox 492 2775 764 2822; x_wconf 74' lang='lat' dir='ltr'>semipedales,</span> <span class='ocrx_word' id='word_1_342' title='bbox 782 2776 966 2811; x_wconf 83' lang='lat' dir='ltr'>foliorum</span> <span class='ocrx_word' id='word_1_343' title='bbox 989 2739 1216 2811; x_wconf 38' lang='lat' dir='ltr'>infferiorum</span> <span class='ocrx_word' id='word_1_344' title='bbox 1235 2775 1408 2822; x_wconf 87' lang='lat' dir='ltr'>petiolus</span> <span class='ocrx_word' id='word_1_345' title='bbox 1425 2776 1609 2821; x_wconf 89' lang='lat' dir='ltr'>utrinque</span> <span class='ocrx_word' id='word_1_346' title='bbox 1626 2773 1690 2809; x_wconf 77' lang='lat'>2-3</span> <span class='ocrx_word' id='word_1_347' title='bbox 1708 2772 1800 2807; x_wconf 73' lang='lat' dir='ltr'>laci—</span> 
     </span>
    </p>

    <p class='ocr_par' dir='ltr' id='par_1_13' title="bbox 102 2818 733 2858">
     <span class='ocr_line' id='line_1_43' title="bbox 102 2818 733 2858; baseline 0.006 -4"><span class='ocrx_word' id='word_1_348' title='bbox 102 2818 206 2856; x_wconf 82' lang='lat' dir='ltr'>nulis</span> <span class='ocrx_word' id='word_1_349' title='bbox 227 2822 389 2858; x_wconf 82' lang='lat' dir='ltr'>setaceis</span> <span class='ocrx_word' id='word_1_350' title='bbox 405 2821 555 2857; x_wconf 79' lang='lat' dir='ltr'>dissitis</span> <span class='ocrx_word' id='word_1_351' title='bbox 568 2822 733 2858; x_wconf 87' lang='lat' dir='ltr'>obsitus.</span> 
     </span>
    </p>
   </div>
   <div class='ocr_carea' id='block_1_9' title="bbox 102 2933 1801 3049">
    <p class='ocr_par' dir='ltr' id='par_1_14' title="bbox 102 2933 1801 3049">
     <span class='ocr_line' id='line_1_44' title="bbox 163 2933 1801 2992; baseline 0.002 -17"><span class='ocrx_word' id='word_1_352' title='bbox 163 2933 232 2977; x_wconf 79' lang='lat'>88.</span> <span class='ocrx_word' id='word_1_353' title='bbox 266 2933 328 2979; x_wconf 82' lang='lat' dir='ltr'>A.</span> <span class='ocrx_word' id='word_1_354' title='bbox 362 2934 700 2979; x_wconf 79' lang='lat' dir='ltr'>Rhodensis</span> <span class='ocrx_word' id='word_1_355' title='bbox 727 2935 900 2991; x_wconf 85' lang='lat' dir='ltr'>(Boiss.</span> <span class='ocrx_word' id='word_1_356' title='bbox 932 2936 1085 2991; x_wconf 82' lang='lat' dir='ltr'>Diagn.</span> <span class='ocrx_word' id='word_1_357' title='bbox 1115 2936 1208 2980; x_wconf 88' lang='lat' dir='ltr'>Ser.</span> <span class='ocrx_word' id='word_1_358' title='bbox 1243 2938 1273 2986; x_wconf 84' lang='lat'>1,</span> <span class='ocrx_word' id='word_1_359' title='bbox 1309 2938 1374 2990; x_wconf 86' lang='lat'>11,</span> <span class='ocrx_word' id='word_1_360' title='bbox 1397 2950 1437 2992; x_wconf 92' lang='lat' dir='ltr'>p.</span> <span class='ocrx_word' id='word_1_361' title='bbox 1472 2939 1512 2979; x_wconf 89' lang='grc'>11</span> <span class='ocrx_word' id='word_1_362' title='bbox 1543 2935 1562 2990; x_wconf 81' lang='lat'>)</span> <span class='ocrx_word' id='word_1_363' title='bbox 1590 2938 1801 2991; x_wconf 84' lang='lat' dir='ltr'>adpresse</span> 
     </span>
     <span class='ocr_line' id='line_1_45' title="bbox 102 2991 1797 3049; baseline 0.003 -16"><span class='ocrx_word' id='word_1_364' title='bbox 102 2991 273 3036; x_wconf 80' lang='lat' dir='ltr'>cinerea</span> <span class='ocrx_word' id='word_1_365' title='bbox 294 2993 387 3036; x_wconf 87' lang='lat' dir='ltr'>basi</span> <span class='ocrx_word' id='word_1_366' title='bbox 419 2995 697 3038; x_wconf 75' lang='lat' dir='ltr'>suffraticosa</span> <span class='ocrx_word' id='word_1_367' title='bbox 730 3007 914 3049; x_wconf 81' lang='lat' dir='ltr'>ramosa,</span> <span class='ocrx_word' id='word_1_368' title='bbox 937 2995 1133 3039; x_wconf 82' lang='lat' dir='ltr'>caulibus</span> <span class='ocrx_word' id='word_1_369' title='bbox 1156 2996 1363 3039; x_wconf 86' lang='lat' dir='ltr'>brevibus</span> <span class='ocrx_word' id='word_1_370' title='bbox 1386 2997 1538 3039; x_wconf 87' lang='lat' dir='ltr'>crebre</span> <span class='ocrx_word' id='word_1_371' title='bbox 1564 2996 1728 3038; x_wconf 77' lang='lat' dir='ltr'>foliosis</span> <span class='ocrx_word' id='word_1_372' title='bbox 1752 2996 1797 3038; x_wconf 93' lang='lat' dir='ltr'>in</span> 
     </span>
    </p>
   </div>
  </div>
 </body>
</html>
