2095 3206
197 219 245 256 34
940 227 1161 253 RUBIACEAE.
1683 220 1895 268 Asper-ula.

197 301 303 343 losis
337 300 380 341 in
408 300 548 353 spicas
574 302 729 341 tenues
760 298 1030 352 interruptas
1064 298 1280 341 fasciculis
1320 299 1529 354 oppositis
1563 303 1733 343 remote
1763 305 1896 347 verti-

194 359 351 401 cillatis
379 361 624 400 constantes
656 356 931 399 abeuntibus.
972 356 1083 398 soliis
1116 357 1341 411 quaternis
1378 357 1616 401 linearibus
1657 362 1898 405 attenuato-

197 417 387 459 ariStatis
415 428 550 458 nervo
578 415 720 457 valido
755 415 910 456 subtus
939 415 1162 458 instructis
1193 416 1345 468 rigidis
1378 416 1539 460 strictis
1569 427 1695 460 secus
1729 424 1899 473 partem

195 475 446 517 inser101·ein
475 474 663 516 caulium
685 473 899 525 congestis
934 474 1237 526 superioribus
1261 474 1353 516 basi
1390 474 1683 526 subconnatiS‚
1711 477 1897 521 bracteis

195 534 443 577 lanceolatis
477 532 745 576 acuminatis,
781 531 952 573 corollae
975 532 1440 575 luteolo-fuscesccntis
1464 534 1652 577 subinde
1679 537 1731 578 ad
1752 538 1894 579 rubel-

195 595 288 635 luin
306 591 525 644 vergentis
543 591 700 642 glabrae
726 589 792 632 vel
820 590 1000 632 birtellae
1032 590 1138 632 iobis
1162 591 1357 643 oblongis
1384 594 1728 638 concaviusculis
1753 596 1898 638 brevi-

194 656 262 695 ter
287 649 810 702 calloso-appendiculatis
834 648 1113 691 acutiusculis
1144 650 1247 692 tubo
1274 650 1406 704 triplo
1434 650 1725 705 brevioribus,
1749 655 1898 697 antbe—

193 712 256 752 ris
284 708 522 750 linearibus
546 707 870 760 nigricantibus,
894 708 1040 749 ovario
1072 708 1221 761 glabro
1246 714 1308 755 26.

242 782 344 817 Hab.
380 781 420 815 in
453 781 610 825 regione
643 780 853 826 subalpina
881 782 918 814 et
947 780 1080 827 alpina
1111 781 1284 824 Grreciae,
1315 781 1536 818 Parnassus
1568 784 1727 828 (Heldrl
1760 785 1898 820 Guicc!

193 829 316 875 Orph.
338 828 392 862 Fl.
421 828 484 863 Gr.
506 837 584 862 exs.
602 827 720 869 5440,
740 837 852 862 mons
883 827 1047 862 Veluchi
1068 827 1229 862 OEtoliae
1261 828 1464 875 (samaro,
1482 833 1635 866 montes
1655 831 1842 866 Chelmos
1860 832 1899 867 et

193 875 360 921 Kyllene
379 874 640 920 Peloponnesi
658 873 814 918 (Heldrl
831 873 990 919 Orph!).
1004 874 1059 909 Fl.
1079 877 1161 909 aest.

253 941 297 995 β.
331 937 572 991 Munffl'erii
597 963 653 967 —
680 938 797 980 Folia
821 939 1069 981 abbreviata
1096 951 1221 981 secus
1248 940 1413 982 caulem
1440 953 1554 996 saepe
1572 942 1895 994 subimbricata,

193 1000 355 1042 corolla
387 997 559 1051 pallida,
595 997 785 1039 fasciculi
827 998 1066 1052 pauciflori,
1091 998 1220 1052 spicae
1260 999 1454 1050 graciles.
1493 1024 1550 1030 -—-
1572 1000 1621 1041 A.
1656 1000 1897 1052 Munyierii

193 1059 332 1100 Boiss.
351 1056 556 1100 etlleldr.
586 1056 737 1109 Diagn.
769 1055 859 1098 Ser.
888 1055 920 1096 I.
951 1057 1016 1106 10,
1044 1070 1083 1111 p.
1108 1059 1176 1098 61.

240 1132 343 1166 Hal).
372 1131 411 1165 in
427 1131 558 1164 monte
573 1129 751 1174 Taygeto
770 1128 913 1172 (Heldr
927 1131 964 1174 l).

251 1218 290 1256 7.
325 1197 487 1249 rigida.
504 1218 558 1226 —
574 1195 735 1238 Glabra
759 1197 917 1248 saepius
938 1195 1203 1247 tomentella,
1223 1194 1367 1238 caules
1385 1197 1614 1249 rigidiores
1630 1198 1896 1239 ramosiores

192 1268 307 1311 saepe
332 1257 522 1310 pedales.
542 1254 692 1297 stricti.
716 1255 834 1296 Folia
856 1255 1120 1297 abbreviata.
1148 1255 1303 1298 Forma
1327 1267 1380 1297 ex
1399 1255 1502 1298 locis
1519 1255 1812 1298 calidioribus.
1838 1279 1894 1285 —-

191 1313 241 1356 A.
260 1314 417 1357 stricta
432 1327 525 1356 var.
545 1334 571 1357 α
596 1312 697 1366 θῖβ.
715 1313 855 1355 Boiss.
877 1313 1027 1366 Diagn.
1042 1313 1133 1356 Ser.
1157 1313 1185 1359 l,
1211 1315 1250 1365 3,
1275 1327 1314 1367 p.
1344 1315 1396 1355 33
1413 1314 1621 1368 (exclusis
1644 1315 1747 1357 locis
1769 1314 1895 1356 Asia-

190 1373 322 1429 ticis).

238 1448 341 1483 Hal).
363 1448 402 1483 in
417 1447 542 1482 vineis
562 1448 599 1481 et
614 1445 796 1489 collibus,
814 1445 1012 1480 montanis
1031 1444 1169 1480 calidis
1188 1446 1327 1481 Atticae
1345 1446 1385 1480 in
1404 1445 1610 1490 Parnetho,
1640 1446 1839 1482 Pentelico
1858 1448 1898 1482 et

190 1495 380 1542 Hymetto
395 1494 551 1540 (Sprun.
570 1492 644 1528 sub
662 1493 699 1527 A
715 1489 920 1529 subm-osci!
934 1491 1073 1527 Helclr!
1096 1493 1186 1527 Sart
1196 1494 1233 1537 1).

250 1560 287 1603 ὃ.
318 1558 586 1612 pulvinaris.
618 1583 668 1587 -—
692 1558 756 1599 Ex
778 1557 1013 1600 rhizoniate
1050 1556 1214 1609 lignoso
1240 1557 1374 1600 dense
1401 1557 1645 1612 pulvinaris
1673 1561 1893 1612 compacta

189 1620 323 1661 ramis
341 1618 517 1671 puinilis
542 1619 629 1659 tota
661 1616 929 1668 longitudine
951 1616 1128 1668 foliosis,
1153 1615 1336 1658 floribus
1359 1616 1564 1658 omnibus
1590 1616 1892 1659 terminalibus

188 1690 211 1720 e
233 1678 395 1732 cespite
418 1689 505 1718 non
529 1675 731 1718 exsertis.

236 1750 379 1785 Forma
415 1749 554 1794 glabra
579 1748 642 1783 vel
675 1748 1078 1783 velutino-canescens
1109 1747 1250 1783 similis
1270 1747 1317 1783 A.
1339 1746 1532 1784 subet-osse
1550 1746 1617 1783 sed
1650 1747 1700 1782 ab
1726 1749 1772 1782 ea
1790 1747 1895 1782 foliis

187 1798 296 1843 apice
316 1798 487 1832 aristatis
512 1795 707 1831 distincta.
730 1815 778 1821 -—-
798 1796 833 1830 A
852 1794 1035 1831 suberosa
1066 1794 1200 1833 Heldr,
1222 1794 1329 1830 Herb
1348 1794 1487 1830 Norm.
1507 1794 1639 1830 80507·
1661 1805 1741 1829 non
1764 1794 1890 1829 Sibth.

234 1861 336 1896 Hah.
356 1861 396 1894 in
425 1861 581 1905 regione
609 1859 740 1905 alpina
765 1859 815 1893 ad
845 1859 1058 1903 cacumina,
1093 1858 1278 1893 Chelmos
1310 1860 1347 1892 et
1372 1857 1537 1902 Kyllene
1569 1856 1672 1892 7000·
1700 1857 1891 1904 (Helui-1),

185 1918 370 1943 cacumen
390 1907 534 1942 montis
562 1906 718 1941 Malevo
737 1906 915 1941 Laeoniae
934 1905 1037 1940 (5000'
1057 1905 1190 1951 (Orph.
1214 1904 1268 1939 Fl.
1285 1905 1350 1940 Gr.
1370 1915 1449 1939 exs
1468 1904 1526 1946 52,
1545 1904 1621 1939 sub
1651 1904 1697 1939 A.
1714 1902 1892 1948 m'tz'de),

184 1955 371 1990 Parnassi
406 1956 513 2000 regio
549 1953 727 1999 superior
767 1953 975 1999 (Orpb!)‚
1009 1962 1124 1987 mons
1160 1953 1317 1987 pateras
1354 1961 1475 1998 supra
1510 1951 1718 1986 Mandram
1751 1951 1892 1987 Atticae

185 2003 251 2037 alt.
272 2001 375 2037 40120'
396 2001 583 2045 <Heldr!).

232 2066 388 2111 Species
405 2065 518 2100 valde
537 2064 742 2099 variabilis
761 2067 798 2099 et
820 2065 930 2110 quus
950 2064 1086 2098 formae
1105 2063 1231 2109 prima
1249 2062 1344 2098 facie
1361 2061 1478 2097 valde
1500 2062 1729 2106 dissimiles,
1750 2063 1889 2098 transi-

182 2115 245 2147 tus
264 2117 394 2148 tamen
426 2112 634 2147 manifesti.
672 2111 758 2145 Var.
790 2111 1008 2157 pulvinaris
1039 2113 1097 2145 est
1127 2109 1262 2156 planta
1295 2119 1342 2144 ex
1364 2109 1529 2145 summis
1561 2110 1834 2144 cacuminibus
1851 2112 1889 2145 et

183 2159 342 2205 regione
361 2159 494 2205 alpina
512 2158 714 2194 excelsiori
750 2158 890 2193 similis
918 2158 1053 2193 formae
1079 2157 1258 2202 analogae
1285 2156 1333 2191 A.
1359 2155 1509 2192 nitidre.
1537 2156 1675 2202 Typus
1711 2157 1752 2191 in
1779 2159 1889 2193 icone

182 2206 239 2241 Fl.
258 2207 405 2242 Graecae
424 2207 599 2252 depictus
618 2206 655 2241 et
674 2215 756 2240 var.
776 2205 810 2251 β.
827 2204 1028 2250 Mzmssz’erz'
1039 2204 1182 2239 sistunt
1198 2203 1376 2250 plantam
1395 2203 1596 2238 elatiorem
1612 2213 1660 2238 ex
1678 2203 1823 2249 alpinis
1846 2206 1885 2240 et

181 2253 414 2300 subalpinis.
438 2254 612 2288 Varietas
643 2252 777 2298 rz'gyz'da
809 2253 966 2287 tandem
1003 2254 1061 2286 est
1092 2251 1217 2286 forma
1249 2251 1454 2295 regionum
1487 2250 1766 2286 demissiorum
1793 2251 1884 2286 eali-

182 2300 334 2335 darum.

248 2416 311 2456 19.
335 2415 394 2456 A.
420 2413 729 2457 tenuifolia
745 2412 903 2466 (Boiss
924 2412 1074 2465 Diagn.
1100 2411 1192 2454 Ser.
1211 2411 1243 2464 Ι,
1268 2412 1307 2464 3,
1335 2425 1376 2466 p.
1395 2410 1471 2466 32)
1493 2411 1585 2453 basi
1606 2410 1885 2453 suffruticosa

180 2473 445 2515 multicaulis
481 2473 755 2527 glaberriina‚
794 2471 990 2513 caulibus
1027 2470 1232 2512 tenuibus
1266 2470 1422 2512 erectis
1455 2470 1578 2512 elatis
1613 2468 1885 2523 simplicibus

179 2533 452 2586 ramosisque
470 2531 684 2584 rigidulis,
702 2530 814 2573 foliis
833 2528 1058 2584 quaternis
1080 2528 1243 2571 strictis
1263 2528 1623 2571 lineari-setaceis
1650 2529 1695 2569 in
1711 2539 1883 2570 mucro-

178 2603 279 2632 nem
305 2591 481 2643 longum
506 2590 739 2633 attenuat-is
762 2600 899 2631 nervo
920 2588 1062 2630 medio
1087 2587 1242 2630 subtus
1274 2586 1430 2640 valido,
1457 2585 1760 2641 superioribus
1786 2586 1886 2628 bre-

179 2649 370 2692 vissimis
419 2650 510 2692 basi
549 2649 758 2700 connatis,
798 2647 980 2689 floribus
1024 2646 1235 2700 oppositis
1276 2646 1437 2700 saepius
1482 2645 1688 2688 solitariis
1739 2645 1883 2699 spicas

176 2710 332 2750 tenues
363 2708 603 2750 laxissimas
634 2719 759 2750 secus
782 2718 926 2748 ramos
957 2704 1258 2755 formantibus,
1284 2703 1471 2747 bracteis
1501 2703 1696 2755 oblongis
1721 2703 1885 2744 acumi-

175 2767 289 2809 natis
320 2766 542 2819 brevibus‚
573 2767 743 2808 corollae
772 2764 927 2808 luridae
957 2764 1173 2818 asperulae
1204 2763 1307 2805 tubo
1344 2763 1452 2805 lobis
1482 2762 1730 2805 lanceolatis
1761 2761 1882 2815 apice

175 2825 313 2867 acutis
332 2825 502 2867 callosis
526 2825 748 2880 1¹s2-92-p10
769 2823 975 2875 longiore,
1000 2822 1193 2865 antheris
1213 2820 1465 2874 linearibus,
1484 2821 1631 2863 ovario
1649 2820 1796 2872 glabro
1821 2825 1882 2867 36.

225 2898 326 2932 Hab.
344 2898 384 2932 in
402 2898 561 2943 regione
582 2900 772 2932 montana
793 2895 919 2943 Sipyli
937 2906 981 2930 su
1014 2905 1056 2930 ra
1074 2893 1321 2939 Magnesiam
1348 2894 1524 2939 (Boissl),
1553 2896 1592 2928 ln
1611 2893 1741 2928 Tauro
1766 2893 1883 2927 Pam-

175 2945 335 2991 phylico
354 2945 452 2979 inter
470 2945 594 2979 Marla
613 2947 650 2979 et
670 2944 813 2979 Adana
831 2943 894 2978 alt.
915 2943 961 2977 40
1013 2942 1020 2954 ’
1036 2941 1225 2987 <Heldrll‚
1245 2941 1413 2976 collibus
1432 2941 1562 2986 Lyciae
1581 2950 1701 2986 prope
1721 2939 1882 2974 Elmalu

174 2991 340 3037 (Bourg.
363 3001 443 3027 exs.
462 2992 541 3027 137’
562 2991 637 3027 sub
656 2992 702 3027 A.
730 2987 897 3036 strictd).
921 2989 979 3024 Fl.
1001 2989 1081 3024 Jul.
