2066 3311
75 217 333 255 Podantham
341 244 349 252 .
747 224 1091 251 CAMPANULACEAE.
1707 214 1775 249 951

123 297 224 332 Hab.
246 296 287 331 in
317 295 428 332 siccis
449 295 607 334 Tauri-ee
628 294 753 338 (herb.
784 293 966 338 Kunzel)‚
985 294 1144 338 regione
1173 295 1381 340 campestri
1409 294 1543 330 Iberiae
1575 294 1624 330 ad
1652 294 1778 330 Elisa-

76 343 270 390 bethgrad
289 343 513 388 (Bosclml),
531 343 571 377 in
591 341 807 377 Cartalinia
822 341 1020 386 (Wittml).

120 407 181 443 Ar.
209 406 340 452 Geoqr.
366 405 508 452 Stera,
527 405 636 451 regio
656 404 906 449 Danubialis,
923 403 1069 443 Serbia,
1088 404 1229 440 Rossia
1247 404 1443 440 australis.

139 523 203 563 13.
238 522 295 564 P.
333 521 755 564 limonifolium
789 519 946 575 (Sibtb.
976 523 1017 561 et
1054 520 1141 562 Sin.
1172 521 1325 563 Prodr.
1354 521 1418 562 Fl.
1451 520 1523 563 Gr.
1554 521 1584 569 l,
1621 535 1662 575 p.
1696 518 1777 562 144

74 580 158 624 sub
175 579 494 634 Ρὴῃιεαφηαίε),
512 579 992 635 pubescenti-scabrum
1012 579 1078 621 vel
1096 579 1356 632 glabratum,
1375 579 1610 623 rhizomate
1629 591 1777 622 crasso

73 640 236 694 saepius
264 639 516 693 pluricipiti,
540 638 737 681 caulibus
765 637 970 680 tenuibus
996 638 1174 691 virgatis
1198 639 1398 692 rigidulis
1423 639 1507 680 ima
1534 639 1627 681 basi
1657 639 1777 681 folio-

72 699 134 741 sis
161 703 364 741 caeterum
394 698 522 741 nudis
561 697 831 751 simplicibus
866 697 934 739 vel
970 698 1153 739 ramosis
1187 698 1229 739 in
1267 698 1408 751 spicas
1446 698 1592 751 longas
1620 702 1775 741 tenues

75 757 195 800 laxas
223 757 497 809 abeuntibus,
532 757 645 799 foliis
675 755 1078 810 repando-dentatis
1117 758 1185 798 vel
1219 757 1399 809 integris
1428 757 1677 800 lanceolatis
1709 758 1776 799 vel

73 816 569 859 lanceolam—linearibus
592 817 730 858 acutis
748 816 792 857 in
818 815 1025 869 petiolum
1046 818 1294 868 attenuatis,
1317 816 1500 859 floribus
1519 817 1571 858 ad
1591 817 1775 859 bracteae

73 876 252 917 minutae
288 875 567 929 triangularis
604 874 774 917 axillam
808 873 1033 917 sessilibus
1069 876 1142 916 ‘xz-3
1167 875 1428 918 fasciculatis
1457 876 1522 917 vel
1553 876 1776 929 solitariis,

71 934 229 987 calycis
251 935 388 987 glabri
412 936 481 976 vel
504 933 739 977 scabriduli
766 933 933 975 laciniis
960 933 1206 976 lanceolatis
1231 935 1334 977 tubo
1362 934 1775 989 obconico-oblongo

70 993 323 1047 aequilongis
358 994 423 1036 vel
455 994 729 1036 brevioribus
756 993 918 1035 corolla
950 992 1099 1045 glabra
1132 994 1195 1035 vel
1237 994 1483 1036 scabridula
1519 994 1650 1048 triplo
1678 994 1777 1036 bre-

69 1052 281 1099 vioribus,
309 1053 485 1106 capsula
512 1053 696 1106 oblonga
730 1052 848 1106 poris
884 1051 1207 1105 subapicalibus
1244 1053 1491 1095 dehiscente
1530 1059 1588 1100 26.
1627 1053 1676 1095 lc.
1713 1053 1774 1094 Fl.

72 1109 207 1152 Graec.
242 1113 326 1153 tab.
361 1113 442 1154 118
471 1112 629 1162 (forma
657 1112 773 1154 inter
800 1112 980 1152 formam
1010 1111 1194 1165 typicam
1222 1115 1264 1153 et
1290 1113 1477 1165 alpinam
1507 1112 1770 1166 submedia).

73 1193 125 1199 —-
162 1170 295 1212 Rchb.
332 1171 414 1214 tab.
446 1171 542 1212 226.
574 1195 623 1202 -
653 1171 700 1213 P.
729 1169 937 1212 collinum
970 1168 1098 1212 Guss.
1126 1172 1182 1225 pl.
1211 1183 1294 1212 rar.
1326 1172 1412 1213 tub.
1452 1173 1517 1213 19.
1540 1194 1600 1203 —
1625 1172 1770 1222 Camp.

70 1227 245 1281 vit-quta
270 1229 401 1273 Lodd.
430 1229 522 1273 Bot.
551 1229 649 1272 Cab.
677 1234 705 1273 t.
743 1231 826 1272 667
866 1241 947 1271 non
984 1229 1085 1272 Lab.
1117 1255 1171 1260 -
1206 1229 1448 1284 phyteuma
1486 1231 1641 1272 stricta
1674 1230 1771 1273 Bot.

71 1286 178 1341 Mag.
206 1289 290 1331 tab.
320 1290 447 1331 2145.

118 1361 217 1397 Hab.
238 1362 277 1397 in
297 1364 451 1410 pascuis
472 1363 664 1410 lapidosis
686 1368 722 1399 et
749 1363 851 1399 inter
868 1363 1024 1399 frutices
1052 1364 1225 1408 regionis
1255 1366 1451 1399 montana}
1471 1368 1508 1400 et
1534 1365 1776 1412 subalpinae,

70 1406 221 1445 Graecia
250 1411 289 1445 in
321 1410 498 1456 Taygeto
534 1421 654 1457 supra
683 1411 954 1446 Androuvista
987 1410 1171 1455 (Heium),
1204 1410 1370 1456 Kyllene
1402 1411 1574 1456 (Heldr!‚
1607 1413 1769 1460 Orph!)‚

67 1454 257 1500 Hymetto
275 1455 451 1504 (Sprunl,
472 1457 639 1502 Helm-n,
661 1461 791 1494 monte
812 1457 903 1493 OEta
921 1458 1138 1494 Thessaliae
1156 1457 1293 1504 (Sin-l),
1313 1458 1555 1495 Macedoniae
1575 1461 1614 1495 in
1636 1466 1769 1497 monte

68 1501 250 1539 Peristeri
267 1515 388 1552 supra
406 1505 548 1541 Bitolia
567 1505 775 1550 (Grisebl)‚
794 1505 954 1553 Olympi
977 1506 1133 1551 regione
1155 1506 1337 1542 inferiore
1355 1506 1536 1551 (Simu).

127 1568 172 1621 β.
207 1581 450 1612 canescens.
482 1595 531 1600 -
564 1571 719 1613 Totum
757 1571 951 1613 breviter
987 1572 1521 1625 canescenti-scabridam?
1555 1575 1700 1616 caules
1735 1577 1776 1616 et

67 1628 198 1680 spicae
220 1629 344 1671 valde
367 1629 574 1683 elongatae
602 1641 717 1683 saepe
746 1631 872 1683 longe
899 1641 1094 1672 ramosae.

119 1700 217 1736 Hab.
238 1702 277 1737 in
305 1705 435 1739 monte
453 1703 593 1750 Sipylo
612 1703 747 1749 Lydiae
766 1707 802 1739 et
826 1705 982 1749 regione
1009 1706 1197 1740 montana
1215 1703 1398 1750 Pbrygiae
1418 1705 1519 1740 inter
1539 1705 1775 1744 Laodiceam

67 1750 106 1782 et
125 1748 439 1797 philadelphiam
457 1750 634 1796 (missi),
654 1751 838 1787 Anatolia
856 1751 1007 1787 boreali
1026 1751 1078 1787 ad
1095 1751 1303 1787 Safranbol
1322 1752 1497 1797 (Wiedl).

127 1834 166 1871 y.
198 1813 409 1867 alpinum.
435 1839 493 1847 —-
514 1815 676 1866 Virideff
698 1815 911 1870 glabrum,
937 1817 1080 1860 caules
1105 1817 1291 1858 humiles
1316 1815 1536 1860 interdum
1561 1819 1660 1860 nani
1684 1819 1773 1862 fere

71 1883 246 1928 semper
269 1875 502 1928 simplices,
528 1876 657 1929 spicae
683 1875 842 1918 breves
864 1876 1079 1919 fasciculis
1108 1877 1255 1930 paucis
1284 1876 1568 1920 interioribus
1596 1879 1775 1920 remotis

66 1937 330 1976 constantes.
360 1934 544 1977 bracteae
581 1935 887 1988 sublougiores
926 1935 1194 1978 acuniinatae.
1230 1936 1327 1978 folia
1362 1936 1534 1989 longius
1570 1938 1775 1992 petiolata

67 1991 219 2034 latiora
241 1996 284 2034 et
308 1992 509 2036 breviora
531 1994 751 2037 interdum
773 1994 1104 2047 ovato-oblonga
1126 1997 1168 2036 et
1191 1994 1359 2038 obtusa.
1378 2018 1437 2026 —
1454 1995 1503 2038 P.
1528 1996 1773 2048 repandum

67 2048 156 2093 Sm.
183 2051 336 2094 Prodr.
360 2052 391 2102 Ι,
418 2066 457 2107 p.
485 2053 587 2095 143!

116 2124 206 2160 Hab
240 2125 279 2175 in
299 2126 456 2171 regione
484 2126 621 2173 alpina
638 2127 826 2162 Parnassi
846 2129 882 2162 et
912 2128 1058 2163 montis
1076 2127 1222 2174 Delphi
1241 2128 1386 2164 Eubeae
1404 2115 1593 2173 (Heldrt),
1612 2129 1773 2176 Olympi

69 2172 234 2217 Bithyni
252 2173 415 2218 (sibtm,
435 2174 560 2210 Auch.
579 2174 699 2220 18821‚
721 2174 833 2211 Boiss
846 2176 883 2219 l),
900 2176 1046 2211 montis
1065 2175 1237 2222 Akdagh
1256 2175 1386 2222 Lyciae
1416 2176 1576 2223 (Bourg.
1596 2187 1677 2212 exs.
1702 2178 1776 2212 sub

68 2218 113 2254 P.
135 2218 381 2257 Pestalozzae
398 2223 501 2266 var.)

117 2282 289 2318 Varietas
309 2297 329 2329 ‘y
346 2285 474 2331 prima
490 2284 588 2320 facie
607 2285 725 2331 spicis
743 2284 988 2321 abbreviatis
1013 2285 1129 2321 valde
1149 2286 1355 2322 dissimilis
1376 2287 1511 2322 formis
1532 2287 1774 2323 intermediis

68 2339 89 2364 e
106 2330 307 2366 montibus
327 2331 490 2368 Graeciae
509 2332 557 2367 ad
576 2335 717 2379 typum
735 2333 928 2369 confluere
947 2333 1112 2369 videtur.

115 2394 177 2430 Ar.
197 2395 329 2441 Geoqr.
348 2396 527 2443 Regnum
544 2382 862 2444 Neapolitanum,
881 2398 1091 2443 Dalmatia,
1110 2397 1279 2444 Oroatia,
1299 2399 1443 2438 Serbia.

134 2520 200 2560 14.
234 2518 290 2561 Ρ.
325 2519 726 2563 lanceolatum
760 2519 932 2574 (Willd.
953 2520 1074 2574 Spec.
1100 2521 1132 2572 Ι,
1160 2534 1196 2574 p.
1220 2522 1304 2563 924
1328 2525 1369 2564 et
1392 2521 1518 2564 herb!
1546 2534 1631 2563 non
1656 2521 1772 2563 Desf.

65 2569 479 2633 suh'Phyteumate)
506 2582 645 2621 totum
667 2579 1199 2633 pubescenti-scabridum
1216 2581 1374 2634 pallide
1395 2581 1558 2630 virens,
1575 2580 1773 2623 caulibus

68 2637 259 2680 tenuiter
280 2638 458 2690 virgatis
485 2638 644 2681 erectis
673 2638 737 2680 vel
763 2639 1101 2681 ascendentibus
1129 2639 1399 2693 simplicibus
1429 2643 1551 2692 parte
1574 2639 1773 2681 inferiori

71 2696 223 2738 stricte
248 2697 412 2739 foliosis
435 2698 481 2739 in
509 2698 673 2751 spicam
701 2698 870 2750 longam
900 2698 1037 2739 laxam
1062 2698 1339 2750 abeuntibus,
1366 2699 1478 2741 foliis
1502 2698 1773 2741 ascendenti·

73 2754 349 2798 denticulatis
382 2757 519 2798 acutis
553 2756 644 2798 basi
679 2757 914 2799 attenuatis
946 2757 998 2799 ab
1035 2757 1319 2799 inferioribus
1353 2757 1655 2810 subpetiolatis
1691 2757 1774 2799 cito

68 2813 267 2856 evanidis
305 2815 359 2856 ad
399 2815 628 2870 superiora
668 2816 837 2858 sessilia
876 2816 1063 2858 linearia«
1094 2816 1256 2858 sensim
1298 2817 1551 2866 diminutis,
1591 2816 1774 2858 floribus

74 2872 238 2915 1-3-nis
275 2873 504 2916 sessilibus
537 2874 579 2915 in
608 2875 836 2917 fasciculos
869 2875 1046 2918 sessiles
1074 2875 1142 2917 vel
1170 2875 1572 2929 subpedunculatos
1599 2875 1774 2917 strictos

68 2930 122 2973 ad
148 2931 331 2974 bracteae
361 2933 553 2975 breviter
589 2933 766 2976 linearis
802 2934 977 2976 axillam
1010 2935 1114 2977 sitos
1139 2933 1378 2987 dispositis,
1400 2934 1556 2987 calycis
1585 2933 1773 2976 scabridi

70 2989 239 3033 laciniis
272 2991 521 3035 lanceolatis
548 2991 651 3034 tubo
685 2992 954 3045 longiuscule
991 2992 1194 3035 obconico
1231 2993 1585 3046 sublongioribus
1612 2993 1775 3035 corolla
