2066 3296
85 221 334 260 Carthamus.
816 229 1061 255 composrrAE.
1718 217 1795 253 709

83 303 302 357 longiores
316 302 539 355 elongatis,
554 301 683 345 seriei
697 301 860 345 intimae
872 299 1348 344 lanceolato-subulatis
1364 298 1719 352 sublongioribus
1730 298 1785 352 Θ

84 363 154 405 vel
187 366 250 412 Θ.
276 361 330 404 Ic.
359 361 419 403 Fl.
449 360 584 404 Graec.
613 361 697 403 tab.
724 361 822 402 840.
852 385 904 390 ——
934 360 1084 401 Kentr.
1114 358 1339 400 dentatum
1365 371 1444 401 uc.
1473 357 1701 399 Prodr.--
1728 357 1780 398 K.

82 419 270 462 rubrum
295 420 408 462 Link
434 419 556 461 Linn.
590 419 716 469 1834,
744 431 784 472 p.
814 420 910 461 580.

131 492 232 528 Hah.
252 493 292 527 in
320 492 436 528 cultis
463 494 499 527 et
527 491 578 527 ad
596 492 682 527 vias
705 491 898 535 Laconiae‚
917 491 1133 537 Argolidis,
1152 490 1289 526 Attioae
1308 489 1472 536 (Sprunl
1495 487 1633 523 Heldr!
1653 488 1789 532 Sartl),

83 539 334 586 Archipelagi
352 539 510 583 (sibun,
528 538 633 574 Sartl
659 538 786 583 Urvi),
808 538 1049 574 Macedoniae
1071 538 1228 582 (Frivl)‚
1247 536 1446 582 Bithyniae
1467 535 1644 580 (Clemll,
1667 535 1788 570 Troa-

83 587 143 622 dis
163 586 343 631 (Paron),
358 586 492 632 Lydiae
515 586 565 621 ad
583 585 792 631 Smyrnam
811 585 961 630 (Boissl
981 585 1099 631 Ball),
1117 585 1262 621 Ciliciae
1282 583 1468 619 Tracheae
1486 583 1575 627 (Per
1585 584 1622 627 1).
1638 582 1693 618 Fl.
1710 582 1786 617 Jul.

140 717 180 758 6.
215 716 269 760 C.
304 716 638 759 flavescens
671 715 839 769 (Willd.
867 715 938 769 Sp.
967 715 1042 767 III,
1067 728 1105 769 p.
1142 714 1271 769 1706)
1302 714 1466 768 glaber,
1492 713 1613 756 caule
1640 713 1784 756 albido

82 786 274 830 superne
298 774 554 828 corymbose
576 787 762 827 ramoso,
785 775 900 817 foliis
927 775 1134 817 coriaceis
1161 773 1363 817 elevatim
1394 773 1594 815 nervosis
1617 773 1785 815 lanceo-

83 835 182 878 latis
207 833 491 876 inferioribus
517 833 995 887 denticulato-spinosis
1020 832 1324 887 superioribus
1352 831 1785 884 semiamplexicauli-

82 895 165 937 bus
191 893 387 947 margine
414 892 608 934 breviter
641 892 830 946 spInosis
863 893 1002 947 spinis
1037 889 1223 943 flavidis,
1251 890 1451 945 capitulis
1477 890 1785 942 mediocribuS,

82 952 296 995 involucri
314 951 472 1005 phyllis
494 951 687 994 externis
709 951 954 994 lanceolatis
973 951 1103 993 ssorcs
1122 949 1395 1005 aequantibus
1420 949 1558 991 medio
1577 950 1785 992 subcons-

83 1011 223 1055 triclis
247 1021 438 1064 superne
464 1010 705 1052 uninerviis
728 1010 924 1052 breviter
945 1010 1139 1063 margine
1162 1009 1366 1064 spinosis,
1388 1008 1670 1050 interioribus
1696 1008 1786 1049 lan-

83 1069 257 1112 ceolatis
286 1068 581 1123 pungentibus
609 1068 805 1122 integris,
833 1068 1025 1111 flosculis
1055 1068 1198 1119 luteis,
1228 1067 1418 1110 acheniis
1446 1066 1785 1110 obovato—tetra-

81 1129 205 1181 gonis
241 1127 388 1170 nitidis
425 1139 617 1181 superne
648 1127 951 1181 irregulariter
985 1126 1436 1179 excavato-depressis
1468 1126 1784 1179 marginalibus

82 1188 215 1230 calvis
242 1186 408 1230 cacteris
432 1198 575 1241 pappo
602 1186 787 1229 violaceo
815 1187 1080 1240 persistente
1106 1185 1337 1235 coronatis,
1355 1185 1489 1239 paleis
1507 1185 1560 1226 ab
1588 1184 1783 1226 externis

85 1247 351 1289 brevissimis
391 1246 550 1288 retusis
593 1245 646 1287 ad
687 1245 969 1288 intermedias
1010 1248 1158 1287 acutas
1196 1245 1372 1287 achenio
1413 1243 1784 1297 sesquilongiores

81 1305 233 1357 auctiS,
262 1304 378 1347 serie
409 1304 561 1346 intima
597 1303 691 1346 aliis
724 1303 918 1357 longiore
948 1308 1012 1354 Θ.
1044 1302 1290 1345 Onohroma
1315 1302 1561 1356 flavescens
1597 1301 1780 1356 Spreng.

82 1362 196 1418 Syst.
218 1363 294 1416 ΙΙΙ,
312 1376 351 1417 p.
373 1363 456 1404 392
476 1365 519 1405 et
537 1374 617 1405 n.c.
636 1362 796 1405 Prodr!
815 1386 868 1392 —
886 1361 1249 1415 Kentrophyclmn
1266 1372 1451 1404 aureum
1472 1360 1611 1403 Boiss.
1632 1361 1784 1413 Diagu.

81 1422 173 1465 Ser.
193 1423 225 1475 I,
245 1423 313 1475 10,
334 1434 372 1476 p.
392 1423 459 1463 99.
479 1445 527 1451 —
554 1420 816 1463 Carthamus
832 1421 1052 1463 Armanas
1069 1420 1225 1463 Willd!
1250 1421 1404 1463 Enum.
1425 1433 1464 1474 p.
1485 1420 1569 1462 845
1589 1423 1630 1462 et
1653 1418 1779 1462 herb!

81 1493 167 1524 non
194 1480 352 1524 differt.

126 1554 228 1589 Hal).
239 1556 280 1589 in
297 1554 485 1589 Armenia
497 1554 690 1598 (Toum),
704 1563 825 1600 prope
843 1553 1066 1599 Erzinghan
1083 1553 1272 1599 (Tchihl),
1285 1553 1365 1588 cira
1385 1552 1530 1587 Aintab
1547 1553 1585 1587 et
1602 1551 1783 1587 Marasch

79 1600 203 1648 Syriae
223 1600 448 1646 (Hausskl),
475 1601 516 1636 in
547 1601 709 1647 planitie
734 1599 924 1647 Aleppica
951 1600 1131 1646 (Bois-sl),
1150 1601 1251 1636 circa
1280 1600 1521 1636 Damascum
1546 1598 1717 1644 (Gailll),
1742 1599 1783 1633 in

81 1648 294 1695 Caelesyria
312 1648 485 1693 (Boissl).

125 1712 239 1748 Facie
255 1712 381 1747 affinis
400 1710 437 1747 C.
451 1711 718 1758 oxyacanthoe
735 1711 772 1746 et
790 1721 879 1746 cum
897 1720 942 1746 eo
962 1709 1076 1746 facile
1094 1709 1407 1754 confundendus,
1426 1709 1495 1745 sed
1513 1711 1655 1756 praeter
1673 1708 1783 1744 ache-

82 1759 241 1795 niorum
272 1759 534 1795 characterem
566 1757 673 1793 foliis
703 1758 742 1793 et
771 1757 988 1793 involucris
1018 1756 1143 1793 multo
1173 1757 1332 1793 brevius
1364 1755 1780 1804 spinoso-marginatis

78 1806 427 1852 recognoscendus.

141 1930 178 1971 7.
214 1929 266 1973 C.
297 1927 673 1984 oxyacantha
701 1928 829 1984 (ΜΒ.
855 1929 984 1971 Taur.
1009 1928 1136 1972 Cauc.
1160 1928 1212 1978 ΙΙ,
1235 1941 1276 1984 p.
1302 1927 1407 1978 283)
1433 1927 1600 1971 minute
1621 1927 1782 1981 pubes-

79 2000 197 2041 cens,
212 1989 334 2030 caule
362 1987 505 2031 albido
528 1988 826 2031 ramosissime
851 1988 1121 2041 corymboso,
1144 1987 1259 2031 soliis
1282 1986 1480 2040 oblongis
1504 1989 1551 2029 et
1576 1984 1782 2039 oblongo-

81 2047 331 2089 lanceolatis
352 2046 634 2089 inferioribus
655 2045 851 2090 breviter
867 2046 1306 2101 spinuloso-dentatis
1325 2044 1630 2099 superioribus
1654 2044 1783 2087 semi-

80 2118 145 2148 am
150 2105 362 2160 plexicaul
371 2105 468 2149 ibus
479 2105 631 2148 crebre
645 2104 1017 2160 flavido-spinosis
1029 2105 1168 2160 spinis
1182 2104 1387 2148 tenuibus
1403 2103 1493 2158 folii
1508 2100 1781 2146 latitudinem

80 2175 194 2219 saepe
231 2163 521 2219 aequantibus,
554 2164 757 2218 capit-ulis
797 2164 1106 2215 mediocribuS,
1133 2163 1348 2207 involucri
1387 2162 1549 2217 phyllis
1586 2162 1781 2205 externis

80 2223 266 2278 capitulo
303 2222 571 2277 longioribus
610 2235 745 2277 supra
786 2226 951 2277 partem
989 2223 1242 2266 inferiorem
1276 2222 1462 2265 albidam
1500 2220 1781 2280 strangulatis

79 2293 270 2336 superne
309 2282 499 2325 foliaceis
537 2281 734 2335 oblongis
768 2281 993 2325 trinerviis
1035 2283 1160 2335 longe
1194 2280 1582 2334 flavido-spiuosis,
1614 2279 1780 2322 intimis

78 2341 329 2384 lanceolatis
355 2340 536 2394 integris
570 2340 777 2394 spinosis,
803 2340 999 2383 flosculis
1032 2340 1173 2394 flavis,
1202 2338 1393 2382 acheniis
1420 2337 1623 2382 omnibus
1650 2350 1782 2392 epap-

80 2399 196 2453 posis
232 2400 479 2443 laevissimiS
519 2399 668 2443 nitidis
709 2398 1164 2453 obovato-tetragonis
1187 2399 1309 2453 apice
1349 2396 1562 2440 truncatis
1603 2396 1781 2451 quadri-

79 2457 221 2511 gibbis
251 2462 316 2509 Θ.

125 2531 226 2567 Hah.
240 2532 282 2567 in
298 2531 404 2578 agris
419 2532 578 2569 incultis
593 2534 631 2568 et
647 2532 823 2568 arenosis
839 2531 1004 2568 Caucasi
1020 2531 1222 2568 orientalis
1236 2532 1287 2568 ad
1311 2542 1417 2568 mare
1432 2522 1622 2578 Caspium
1637 2528 1739 2574 (ΜΒ
1754 2532 1781 2574 ),

77 2577 213 2614 Ihe'riae
229 2578 451 2615 Caucasicae
471 2579 578 2624 (CA.
598 2579 705 2626 Meyl
724 2578 866 2624 Hohl),
884 2579 1028 2615 Persiae
1047 2577 1216 2615 borealis
1234 2578 1378 2624 (Auch.
1397 2578 1538 2621 47981),
1558 2577 1608 2612 ad
1630 2576 1780 2612 radices

79 2624 224 2661 Elbrus
235 2625 360 2672 (Kyn,
373 2626 533 2662 ditionis
543 2626 771 2662 Khorassan
786 2627 825 2662 et
835 2626 977 2662 Persiae
994 2625 1351 2662 austro-orientalis
1365 2625 1414 2661 ad
1426 2624 1624 2660 Chabbise
1636 2623 1782 2669 (Egel),

80 2672 304 2718 Affghaniae
331 2673 499 2718 (Griffli,
524 2672 790 2710 Kurdistaniae
820 2673 985 2709 Persicae
1016 2672 1239 2718 (Hausskl),
1265 2672 1510 2718 Babyloniae,
1537 2671 1713 2716 Assyriae
1744 2672 1781 2706 et

78 2717 375 2766 Mesopotamiae
392 2720 509 2765 (Noel
527 2719 731 2765 Schlaflil),
749 2719 1027 2756 Turkestaniae
1049 2719 1100 2755 ad
1119 2719 1366 2755 Samarkand
1385 2718 1566 2764 (Lehm.).

124 2782 184 2818 Ar.
214 2783 350 2828 Geoqr.
378 2782 581 2828 Songariae
600 2782 766 2828 deserta,
783 2781 896 2818 India
914 2781 1085 2819 borealis
1103 2782 1143 2818 in
1162 2781 1495 2829 Pentapotarnide.

137 2914 176 2956 8.
211 2913 264 2957 C.
297 2914 619 2959 tinctorias
653 2913 721 2970 (L.
740 2914 813 2968 Sp.
835 2915 968 2968 1162)
994 2914 1159 2968 glaber,
1176 2915 1300 2956 caule
1318 2925 1490 2956 ramoso
1508 2913 1779 2967 corymboso,

75 2971 187 3030 soliis
219 2973 416 3027 oblongis
442 2973 875 3028 serrato-spinulosis
903 2973 1047 3016 rarius
1083 2973 1264 3027 integris
1291 2972 1550 3025 inermibus,
1577 2972 1786 3026 capitulis
