2095 3206
215 199 264 237 92
934 209 1215 236 vAnEmANEAE.
1644 197 1922 236 Cena-anthus.

217 298 261 340 p.
290 285 393 340 119)
419 285 628 339 perennis
647 297 671 327 e
698 284 936 326 rhizornate
959 283 1165 326 indurato
1187 281 1447 338 pluricaulis
1475 281 1638 334 glaber,
1665 281 1781 324 foliis
1815 281 1928 324 inte-

218 345 309 399 gris
325 343 612 388 inferioribus
632 343 829 395 oblongis
852 342 899 384 in
921 342 1130 395 petiolum
1154 341 1388 385 attenuatis
1412 341 1578 383 caeteris
1595 340 1689 382 basi
1707 342 1929 384 attenuata

217 404 447 448 sessilibus
486 403 740 446 lanceolatis
776 402 902 454 longe
938 399 1454 452 attenuato-acuminatis,
1498 399 1636 452 cymis
1675 398 1930 443 multifloris

217 463 465 517 paniculam
503 460 801 516 tnyrsoideam
843 460 1138 514 interruptam
1180 471 1294 513 saepe
1332 458 1385 500 ad
1423 457 1661 511 capitulum
1700 457 1928 500 reductam

216 519 519 571 formantibus,
540 520 712 562 corollae
735 520 902 561 calcare
927 519 1077 561 ovario
1109 519 1278 572 2-3-plo
1303 517 1502 570 longiore
1527 517 1634 559 tubo
1657 515 1787 560 tertia
1803 518 1928 569 parte

216 578 420 623 breviore
457 584 518 626 26.
553 577 786 621 Valerz'ana
811 576 1107 630 auyustzfolia
1127 577 1191 619 Fl.
1215 575 1290 618 Gr.
1316 576 1349 627 Ι,
1375 588 1415 629 p.
1441 575 1510 626 2⁶2,
1534 574 1618 616 tab.
1648 575 1716 616 ⁰29.

264 653 365 689 Hah.
386 653 426 688 in
445 653 598 689 fissuris
626 652 785 698 rupium
813 651 988 697 regionis
1018 651 1214 687 interioris
1230 650 1407 695 Graeciae,
1426 648 1734 685 Acrocorinthus
1751 651 1790 685 et
1808 659 1852 683 ru
1884 658 1928 685 es

219 702 317 738 circa
336 700 552 746 Naupliam
582 699 762 745 (1301331),
782 698 939 735 Malevo
957 699 1136 735 Laconiae
1159 708 1281 745 supra
1299 696 1527 733 Castanitza
1545 696 1671 742 (Orph
1682 697 1730 742 1),
1755 696 1860 741 Lyca
1874 705 1929 732 Je-

216 751 291 791 tus,
310 748 457 783 Parnes
477 750 514 782 et
532 746 746 792 Hymetius
762 746 1033 782 meridionalis
1056 746 1097 781 in
1116 746 1255 790 Attica,
1273 744 1443 790 Kyllene
1461 744 1570 790 regio
1587 743 1718 779 media
1736 742 1931 788 (Heldrl),

217 795 367 831 OEtolia
397 793 448 829 ad
490 793 755 839 Missolunghi
789 794 954 838 (Niedl),
983 793 1121 829 Eubea
1151 792 1339 837 (Heldrl),
1367 791 1551 828 Parnassi
1569 791 1676 836 regio
1699 791 1858 825 inferior
1877 788 1930 825 ad

217 842 447 935 &ffaffogpir
449 844 463 924 ἱ
466 841 590 924 Hder
600 843 638 886 1),
656 841 807 876 Baeotia
826 840 875 876 ad
894 840 1117 877 Lebadeam
1137 840 1309 886 (Omni),
1329 838 1571 885 Cephalonia
1587 848 1707 885 prope
1726 836 1929 883 Argostoli

275 900 294 925 e
314 901 328 924 c
342 900 378 924 r.
467 917 473 923 .
531 898 586 935 pr.

265 952 422 988 Pedalis
436 953 473 987 et
490 951 790 998 sesquipedalis,
799 950 895 986 folia
905 950 1104 987 interdum
1115 950 1172 986 eis
1188 950 1312 986 iconis
1331 949 1457 985 citatae
1466 947 1614 994 2-3-plo
1625 947 1777 983 latiora.
1788 947 1929 982 Affinis

219 999 258 1036 C.
269 999 389 1035 rubro
405 998 512 1034 foliis
529 999 658 1034 ovatis
672 998 877 1035 cucullatis
893 1009 1063 1044 quorum
1080 998 1286 1044 superiora
1298 995 1496 1032 interdum
1507 995 1733 1031 acuminata
1749 997 1842 1030 sunt
1859 993 1929 1030 sed

219 1045 393 1082 breviter
424 1049 461 1082 et
488 1046 665 1093 abrupte,
694 1045 844 1082 calcare
874 1044 1046 1081 breviori
1074 1045 1270 1081 distincto.
1303 1043 1340 1080 ι).
1373 1042 1653 1089 anqustisolz'us
1676 1052 1749 1078 nc.
1779 1040 1930 1078 calcare

216 1094 398 1130 ovarium
418 1094 486 1128 vix
505 1093 714 1129 excedente
731 1092 891 1139 longius
911 1092 1051 1129 differt.

279 1210 319 1250 3.
354 1208 409 1251 C.
445 1206 809 1261 longiflorus
846 1205 985 1262 (Stev.
1020 1205 1120 1249 Obs.
1156 1207 1213 1262 pl.
1241 1205 1368 1249 Ross.
1405 1197 1479 1259 76]
1519 1202 1728 1258 perennis
1765 1200 1930 1254 glaber,

219 1268 418 1311 caulibus
442 1266 536 1308 basi
562 1265 781 1308 denudata
804 1265 1144 1309 ascendentibus
1171 1265 1393 1308 interdum
1418 1262 1668 1313 ramulosiS,
1695 1260 1809 1303 foliis
1837 1259 1931 1301 lan-

217 1324 645 1370 ceolam-linearibus
686 1324 898 1378 elongatis
941 1325 1252 1377 integerrimis,
1300 1323 1437 1378 cymis
1467 1323 1513 1364 in
1545 1320 1792 1375 paniculam
1815 1328 1930 1372 saepe

218 1386 461 1438 elongatam
488 1384 780 1437 interruptam
812 1388 996 1436 anguste
1020 1384 1319 1438 thyrsoideam
1346 1382 1542 1434 digestis,
1572 1378 1745 1422 corollae
1767 1377 1822 1419 ad
1843 1376 1930 1419 cal-

217 1445 330 1488 caris
353 1443 638 1486 insertionem
667 1443 712 1484 in
735 1443 885 1486 ovario
911 1442 1079 1486 sessilis
1101 1443 1266 1485 calcare
1291 1442 1395 1485 tubo
1420 1452 1575 1495 parum
1599 1438 1803 1480 breviore
1827 1447 1931 1477 ova-

215 1504 282 1546 rio
310 1502 527 1557 subtriplo
554 1501 747 1555 longiore
785 1508 845 1550 26.
878 1501 963 1545 Val.
983 1500 1282 1555 anqustofolia
1303 1501 1409 1542 ΜΒ.
1430 1500 1561 1542 Taur.
1585 1497 1711 1540 Gauc.
1736 1495 1768 1549 I,
1784 1507 1825 1548 p.
1856 1494 1928 1547 24,

216 1575 304 1605 non
329 1562 430 1603 Mill.
456 1573 535 1604 nec
560 1560 698 1603 Sibth.

264 1635 364 1670 Hah.
385 1636 425 1671 in
443 1634 692 1682 rupestribus
710 1645 822 1681 prov.
843 1635 1267 1671 Transcaucasicarum
1286 1633 1394 1679 (ΜΒ
1409 1663 1418 1678 ,
1438 1632 1578 1677 Hohl),
1613 1629 1810 1666 Armeniae
1831 1627 1931 1663 Tur-

215 1683 305 1719 cicae
325 1683 375 1718 ad
390 1683 576 1718 Erzerum
596 1681 763 1728 (Calvi),
781 1682 830 1718 ad
853 1682 1193 1719 Gumuschkhane
1211 1682 1362 1729 (Bourg
1373 1684 1410 1727 1).

274 1748 318 1801 β.
345 1746 581 1799 latifoliua
608 1772 659 1778 —-
690 1747 809 1790 Folia
846 1748 1001 1791 latiora
1042 1747 1261 1798 breviora,
1302 1747 1511 1790 inferiora
1548 1746 1746 1799 oblonga,
1783 1742 1930 1786 caules

215 1807 494 1855 ramosiores,
515 1807 715 1861 panicula
739 1818 857 1862 saepe
880 1807 1076 1860 elongata
1113 1807 1295 1850 ramulis
1323 1806 1504 1849 dissitis.
1547 1805 1586 1848 C.
1619 1803 1759 1846 elatus
1784 1801 1927 1844 Boiss.

216 1865 372 1918 Diagn.
398 1865 491 1908 Ser.
516 1867 643 1918 I„10‚
666 1880 708 1921 p.
738 1866 805 1907 73.

262 1940 363 1975 Hah.
383 1940 423 1975 in
442 1940 689 1986 rupestribus
717 1940 866 1977 montis
901 1940 1124 1977 Olklatschi
1168 1941 1327 1977 Pisidiae
1346 1940 1534 1986 (Heldrl),
1560 1939 1720 1976 Galatia
1738 1936 1927 1983 (Tchihl).

216 1987 407 2023 Cataonia
422 1987 601 2032 (Haussk
614 1990 652 2032 l),
667 1988 856 2024 Armenia
874 1988 1043 2024 australi
1062 1989 1112 2024 ad
1130 1988 1276 2025 Miikiis
1291 1989 1419 2034 (Kyli,
1438 1988 1576 2023 Cilicia
1599 1986 1776 2022 Trachea
1794 1985 1928 2030 (Pero-

216 2035 287 2070 nin
304 2036 342 2080 l),
360 2034 492 2070 Tauro
513 2034 672 2071 Cilicico
691 2035 741 2070 ad
760 2035 891 2072 Giilek
907 2035 1074 2072 Maaden
1096 2036 1188 2082 (Ky.
1208 2036 1300 2073 2452
1322 2036 1440 2080 Ball),
1474 2035 1627 2070 Libano
1645 2035 1747 2070 circa
1762 2030 1879 2068 Eden'
1891 2034 1932 2068 et

215 2081 257 2117 in
272 2082 369 2128 jugo
387 2081 513 2117 Gebel
538 2081 693 2118 Baruck
726 2081 904 2128 moissi),
937 2084 1037 2119 circa
1062 2083 1221 2119 Hasrun
1240 2083 1305 2129 (Bl
1322 2085 1359 2129 1),
1379 2082 1610 2118 Antilibano
1630 2082 1732 2117 circa
1753 2079 1930 2116 Zebdani

216 2129 369 2173 (Boissl
388 2129 462 2174 Ky.
480 2130 547 2164 741
567 2131 606 2165 et
620 2129 713 2165 4991
733 2129 810 2165 sub
832 2129 873 2166 C.
881 2128 1039 2176 junceo.

265 2192 410 2228 Caules
422 2202 535 2238 saepe
553 2192 807 2239 4-5-pedales.
826 2195 860 2229 A
879 2193 1192 2240 praecedentibus
1222 2193 1329 2229 foliis
1359 2203 1438 2229 non
1462 2193 1699 2229 acuminatis
1717 2201 1788 2228 nec
1804 2192 1932 2228 acutis

217 2239 437 2283 distinctus,
456 2239 585 2276 calcar
603 2241 749 2287 saepius
767 2239 940 2286 longius.

276 2354 315 2394 4.
349 2353 404 2396 C.
434 2353 687 2408 junceus
710 2352 871 2407 (Boiss.
898 2357 942 2397 et
965 2353 1116 2401 Heldr.
1141 2354 1294 2408 Diagn.
1318 2354 1412 2397 Ser.
1441 2355 1474 2407 I,
1501 2355 1566 2405 10,
1592 2367 1633 2409 p.
1662 2352 1738 2408 73)
1769 2365 1931 2410 peren-

215 2412 285 2454 nis
306 2411 456 2465 glaber
482 2425 505 2454 e
527 2412 765 2456 rhizomate
797 2413 1003 2457 indurato
1026 2413 1307 2466 multicaulis,
1330 2413 1529 2457 caulibus
1568 2413 1751 2467 virgatis
1773 2412 1930 2466 rigidis

215 2471 418 2523 ramosis,
432 2471 546 2513 soliis
557 2471 839 2515 interioribus
851 2471 1371 2527 lineari-subspathulatis
1380 2472 1549 2516 obtusis
1562 2473 1732 2516 caeteris
1744 2474 1930 2525 anguste

215 2529 457 2572 linearibus
485 2531 768 2574 acutiusculis
792 2542 906 2586 saepe
933 2531 1130 2586 deflexis,
1154 2531 1291 2586 cymis
1323 2531 1574 2586 paucifloris
1610 2531 1929 2584 terminalibus,

216 2589 389 2630 corollae
415 2588 469 2631 ad
495 2589 675 2632 calcaris
709 2590 997 2633 insertionem
1030 2591 1077 2634 in
1112 2591 1263 2634 ovario
1301 2590 1592 2645 substipitatae
1629 2591 1796 2632 calcare
1821 2589 1929 2633 tubo

213 2659 372 2701 parum
390 2647 595 2692 breviore
617 2649 767 2692 ovario
794 2649 962 2703 3-4-plo
985 2650 1179 2703 longiore
1216 2655 1276 2697 26.

262 2720 363 2756 Hah.
383 2720 435 2757 ad
467 2732 585 2768 rupes
612 2722 768 2769 alpinas
798 2723 974 2767 Graeciae,
999 2723 1200 2770 Taygetus
1224 2722 1312 2759 loco
1335 2722 1569 2759 Kakoehoni
1596 2722 1699 2759 dieto
1732 2722 1926 2769 (Helm-0,

215 2767 401 2804 Chelmos
436 2779 557 2816 prope
583 2770 744 2815 Stygem
778 2770 904 2817 (Orph
915 2772 952 2816 1),
983 2770 1171 2807 Parnassi
1189 2771 1296 2816 regio
1315 2770 1490 2806 abietina
1506 2769 1737 2807 4000·-5000'
1757 2769 1900 2814 (Heldr
1915 2797 1926 2816 ,

215 2813 409 2861 Orph.Fl.
425 2817 491 2851 Gr.
511 2827 591 2852 exs.
613 2817 730 2862 4531),
748 2817 944 2864 Olympus
963 2818 1181 2854 Thessalus
1203 2817 1243 2852 in
1264 2817 1388 2858 alveis
1407 2819 1625 2853 torrentum
1654 2817 1825 2863 regionis
1846 2816 1927 2862 syl-

214 2863 353 2897 vaticae
372 2863 516 2907 (Heldr
527 2865 566 2909 1),
585 2874 699 2900 mons
719 2864 844 2900 Athos
861 2865 1103 2901 Macedoniae
1117 2864 1224 2901 5800'
1250 2864 1376 2911 (Orph
1386 2866 1423 2910 1).
1445 2864 1491 2900 Fl
1525 2864 1601 2900 Jul.
1633 2865 1732 2909 Aug.

244 2926 308 2979 ‚Bi
340 2927 464 2963 edalis
483 2931 521 2964 et
538 2928 745 2975 procerior,
763 2929 857 2965 folia
878 2929 1126 2977 bipollicaria
1144 2932 1178 2965 et
1203 2929 1387 2965 breviora
1407 2930 1468 2964 1-‘2
1485 2929 1552 2964 lin.
1572 2928 1663 2964 lata.
1698 2927 1823 2963 Valde
1843 2927 1926 2963 affi-

213 2981 275 3008 ms
325 3000 332 3007 .
363 2974 569 3022 ῖοηῃὴῗονο
587 2978 627 3012 et
644 2975 695 3012 ab
713 2987 759 3013 eo
774 2976 906 3012 forsan
932 2987 1013 3013 non
1028 2978 1089 3014 sat
1107 2977 1327 3023 distinctus,
1347 2976 1476 3012 differt
1496 2980 1627 3012 tamen
1655 2974 1761 3011 foliis
1780 2985 1927 3021 angus·
