2066 3296
127 229 364 269 Calendula.
865 239 1112 267 composrrAE.
1764 234 1836 271 417

128 313 327 356 incurvis
348 311 575 355 involucro
602 311 701 365 plus
730 311 864 364 duplo
888 311 1159 365 longioribus
1183 312 1455 356 intermediis
1476 314 1833 368 cymbiformibus

132 375 285 414 ventre
325 369 869 414 membranaceo-cristatis
902 373 945 412 et
986 370 1152 413 intimis
1189 371 1475 415 annularibus
1504 373 1629 416 valde
1656 387 1838 428 rugoso-

130 430 343 473 echinatis
378 436 438 477 26,

180 504 281 539 Hab.
299 503 399 539 circa
414 501 648 547 Byzantium
666 501 814 545 (Noai),
832 501 882 536 ad
896 500 1049 537 Scutari
1067 502 1142 547 (W.
1157 502 1314 548 Barbey
1325 504 1362 548 l),
1380 503 1431 539 ad
1447 515 1564 551 rupes
1580 505 1680 541 inter
1697 505 1836 542 Kavak

130 553 171 587 et
188 549 413 587 Phanaraki
430 549 623 586 Rumeliae
646 548 898 595 (Duparquet
909 549 947 593 l).

181 611 453 660 Semipedalis‚
478 610 652 658 capitula
674 621 804 657 magn.
836 610 874 647 C.
895 610 1108 656 officinalis,
1131 611 1249 647 facies
1269 615 1306 648 et
1323 614 1417 649 folia
1435 615 1592 651 caulina
1617 617 1649 651 C.
1668 616 1839 653 sinuatoe

129 661 203 697 sed
224 661 351 707 magis
373 659 576 704 undulata,
590 657 732 705 phylla
750 658 926 694 acutiora
944 661 982 694 et
999 658 1164 694 achenia
1178 660 1370 696 exteriora
1388 661 1622 707 longissima
1640 673 1710 699 nec
1725 664 1837 700 invo-

131 708 287 744 lucrum
306 709 374 743 vix
392 705 634 743 excedentia.

862 816 881 834 ⁹
908 816 926 834 '¹
953 819 1120 853 Annuae.

197 918 235 959 3.
271 917 325 960 C.
365 914 668 959 (lariensis.
695 913 851 970 (Boiss.
885 915 1037 968 Diagn.
1067 915 1163 958 Ser.
1194 917 1226 969 I,
1259 918 1324 970 10,
1360 931 1401 972 p.
1429 920 1500 967 802)
1541 922 1716 962 annua?
1753 921 1845 974 gla-

134 977 361 1028 brescens‚
389 973 586 1017 caulibus
619 974 745 1016 elatis
771 973 922 1016 stricte
946 974 1147 1028 ramosis,
1184 976 1295 1019 foliis
1320 977 1601 1020 inferioribus
1638 980 1842 1033 oblongo-

135 1033 400 1089 spathulatis
424 1031 751 1085 obtusiusculis‚
769 1033 1074 1086 superioribus
1099 1034 1341 1078 linearibus
1364 1038 1619 1079 acuminatis
1644 1039 1843 1080 semiam-

137 1092 471 1148 plexicaulibu8‚
511 1091 714 1145 capitulis
752 1092 935 1144 magnis,
976 1093 1119 1146 ligulis
1159 1094 1327 1137 citrinis
1371 1096 1423 1137 ad
1458 1096 1613 1138 tubum
1647 1098 1844 1140 breviter

136 1152 266 1195 hirtis
286 1151 513 1195 involucro
538 1149 720 1206 2¹l2-plo
744 1151 1026 1204 longioribus,
1051 1152 1241 1195 acbeniis
1269 1154 1470 1197 omnibus
1504 1155 1844 1209 pubescentibus

140 1210 525 1254 semicirculariter
574 1210 782 1261 ‹eui-vatis,
821 1211 1134 1262 marginalibus
1185 1213 1542 1265 cymbiformibus
1593 1215 1844 1257 membrana

138 1273 290 1313 tenera
316 1270 400 1312 lata
425 1269 595 1321 integra
619 1269 827 1323 utrinque
851 1269 1118 1323 marginatis,
1141 1271 1414 1315 intermediis
1442 1273 1690 1326 cylindricis
1709 1274 1843 1327 aequi·

140 1328 282 1382 longis
305 1328 559 1383 intimisque
581 1328 720 1370 multo
749 1327 990 1371 minoribus
1011 1330 1183 1383 rugosis
1215 1335 1280 1380 Θ.

189 1402 292 1438 Hal).
312 1402 353 1437 in
375 1401 490 1437 Caria
507 1401 671 1446 (Pinard
683 1402 719 1447 l).

189 1466 341 1502 Habitu
359 1468 397 1500 et
416 1475 461 1500 ca
491 1464 601 1500 itulis
621 1464 750 1500 affinis
771 1464 808 1501 C.
827 1464 1016 1511 officz'nalz'
1043 1477 1130 1513 quae
1159 1467 1287 1502 differt
1308 1467 1480 1504 acheniis
1512 1469 1771 1506 exterioribus
1793 1469 1845 1506 ob

144 1513 420 1549 membranam
477 1522 588 1548 uram
615 1512 811 1557 coriaceis,
841 1513 991 1548 intimis
1018 1514 1146 1559 magis
1173 1515 1345 1550 curvatis
1373 1517 1583 1562 angulatis
1617 1517 1772 1563 Species
1797 1528 1847 1553 ex

139 1560 429 1608 speciminibus
447 1560 584 1607 paucis
602 1562 641 1594 et
659 1559 790 1606 quoad
808 1559 1058 1596 durationem
1077 1571 1157 1597 non
1176 1565 1238 1597 sat
1256 1565 1363 1598 nota.

203 1676 243 1717 4.
279 1674 333 1718 C.
371 1673 678 1718 Palestina
709 1674 871 1730 (Boiss.
892 1675 1044 1729 Diagn.
1071 1675 1164 1718 Ser.
1189 1677 1219 1730 1,
1248 1680 1313 1731 10,
1337 1691 1378 1732 p.
1405 1677 1482 1733 83)
1505 1692 1660 1729 annua,
1686 1682 1849 1723 scabri-

143 1734 435 1777 do-viscidula
468 1733 602 1776 ramis
629 1734 838 1788 elongatis
876 1736 1048 1784 erectis,
1085 1736 1199 1778 foliis
1230 1737 1503 1781 substentatis
1540 1740 1849 1783 subundulatis

140 1792 599 1846 oblongo-lanceolatis
628 1794 765 1836 acutis
803 1794 1121 1847 superioribus
1141 1796 1847 1847 subauriculato-decurrentibus.

139 1852 344 1907 capitulis
383 1851 689 1905 mediocribus,
728 1853 873 1905 ligulis
906 1853 1034 1895 luteis
1065 1855 1291 1898 involucro
1330 1856 1461 1909 duplo
1498 1856 1767 1909 longioribus
1793 1859 1843 1900 ad

143 1913 312 1955 faucem
342 1912 463 1964 longe
485 1911 920 1965 papilloso-hispidis,
943 1913 1133 1955 acheniis
1157 1915 1469 1967 marginalibus
1494 1915 1619 1968 longe
1642 1920 1681 1959 et
1702 1929 1847 1960 crasse

145 1971 348 2014 rostratis
374 1970 601 2013 involucro
628 1971 797 2025 3-4-plo
831 1972 1100 2025 longioribus
1134 1974 1263 2016 dorso
1292 1973 1498 2016 aculeatis
1525 1979 1566 2016 et
1589 1988 1703 2029 saepe
1732 1989 1847 2018 mar-

142 2030 243 2084 gine
276 2030 361 2072 late
389 2029 788 2079 cristato-dentatis,
821 2031 1096 2074 intermediis
1130 2033 1257 2075 valde
1281 2033 1444 2075 inflatis
1478 2033 1848 2086 cymbil'ormibus‚

145 2089 312 2132 intimis
334 2088 483 2143 paucis
507 2088 795 2132 annularibus
824 2089 951 2132 dorso
976 2091 1213 2143 spinulosis
1242 2097 1287 2142 Q)

194 2163 294 2198 Hal).
307 2163 346 2198 in
359 2162 678 2206 Palestina‚inter
688 2162 1009 2208 Hierosolymam
1027 2167 1061 2198 et
1072 2164 1225 2199 Jericho
1239 2165 1325 2200 etin
1340 2168 1469 2200 monte
1480 2165 1657 2202 Carmelo
1672 2168 1802 2212 (Boiss
1812 2172 1851 2214 l).

193 2226 299 2261 Semi
316 2226 380 2261 vel
398 2225 605 2272 bipedalis,
631 2225 805 2272 capitula
823 2226 1110 2271 magnitudinis
1133 2226 1172 2263 C.
1203 2228 1401 2272 awe7zsz's,·
1423 2229 1595 2264 acheniis
1625 2232 1852 2275 marginali-

144 2273 222 2309 bus
240 2283 372 2308 crasse
396 2274 576 2308 rostratis
601 2274 714 2308 rectis
744 2272 926 2319 pollicem
950 2276 988 2308 et
1007 2274 1179 2320 amplius
1204 2276 1334 2318 longis
1359 2276 1486 2311 affinis
1509 2276 1548 2312 C.
1569 2278 1733 2314 stellatre,
1754 2282 1847 2314 Cav.

143 2331 236 2367 quae
255 2320 385 2355 differt
402 2320 586 2366 capitulis
609 2331 654 2355 ea
675 2319 712 2356 C.
736 2320 940 2366 officinalis
967 2321 1044 2356 fere
1069 2323 1332 2368 aequantibus,
1355 2322 1491 2368 ligulis
1519 2325 1722 2361 involucro
1753 2327 1851 2362 sul)-

146 2367 267 2414 triplo
285 2367 544 2412 longioribus.

210 2442 253 2496 β.
289 2440 700 2494 hraclzyrrleynclza.
724 2467 781 2471 —
805 2441 1103 2485 Acheniorum
1126 2445 1390 2486 exteriorum
1416 2449 1607 2487 rostrum
1627 2446 1853 2490 abbrevia-

147 2504 240 2544 tum
281 2500 435 2542 semini
473 2499 765 2555 aequilongum
796 2501 866 2543 vel
892 2502 1083 2544 brevius.
1123 2527 1175 2532 —-
1216 2504 1255 2545 (J.
1281 2506 1602 2555 ceratosperma
1637 2505 1728 2547 Viv.
1759 2507 1848 2549 Lib.

149 2572 190 2614 p.
215 2561 284 2612 59,
305 2559 391 2602 tab.
416 2559 483 2600 920.
507 2583 566 2588 —
590 2558 629 2601 C.
658 2559 831 2602 stellata
860 2573 947 2602 var.
973 2559 1137 2603 Cosson
1166 2562 1324 2604 Sertul.
1353 2563 1507 2605 Tunct.
1536 2576 1574 2616 p.
1602 2564 1669 2605 31.

197 2632 298 2669 Hah.
317 2632 357 2667 in
375 2632 575 2668 Palestina
592 2633 693 2669 circa
718 2632 1037 2679 Hierosolymam
1059 2634 1238 2679 (Boissl).

212 2727 250 2767 y.
284 2706 495 2757 repanda.
521 2729 578 2737 —-
605 2704 832 2759 Gracilior,
869 2708 1057 2760 capitula
1091 2708 1274 2757 minora,
1314 2709 1489 2751 achenia
1517 2712 1733 2753 exteriora
1771 2714 1855 2755 late

150 2766 346 2818 margine
385 2765 760 2808 cristato-dentata
801 2769 942 2809 rostro
972 2767 1091 2809 tenui
1120 2766 1241 2808 brevi
1266 2768 1460 2810 incurvo.
1498 2792 1552 2799 —
1592 2769 1630 2811 C.
1661 2772 1857 2822 repanda

149 2823 292 2868 Boiss.
321 2827 363 2865 et
390 2823 481 2866 Noe
513 2823 660 2877 Diagn.
686 2824 778 2867 Ser.
807 2825 858 2866 II.
888 2826 928 2878 6,
954 2838 992 2879 p.
1023 2823 1116 2866 ΗΟ.

199 2898 302 2934 Hah.
322 2897 363 2932 in
382 2896 606 2942 Babylonia
623 2897 673 2933 ad
696 2898 966 2934 Mohammera
987 2899 1086 2943 (Noe
1106 2898 1242 2943 105m).

200 2961 415 3000 Varietates
434 2959 469 3006 β.
491 2962 528 2995 et
546 2973 577 3005 γ.
596 2961 721 3007 prima
742 2961 836 2996 facie
858 2973 880 2997 a
899 2963 993 3007 typo
1012 2961 1063 2997 ob
1082 2962 1336 2997 achenioruin
1358 2965 1525 2998 rostrum
1555 2964 1668 3000 valde
1688 2965 1859 3001 ‹liminu-

153 3010 239 3045 tum
258 3007 473 3043 abhorrent
504 3007 572 3043 sed
603 3008 739 3044 formae
760 3008 1005 3044 intermediae
1027 3008 1186 3044 adsunt.
1209 3009 1298 3044 Var.
1323 3024 1353 3055 γ.
1376 3010 1560 3056 repanda
1595 3011 1624 3046 C
1656 3011 1861 3058 platycar-

1577 3073 1625 3110 27
