2071 3241
153 210 347 256 Eriyeron
877 215 1124 242 composnAE.
1787 207 1860 243 167

151 289 321 333 hirsuto
350 290 627 343 sublongiore
663 296 721 338 26.
757 312 813 320 —-
850 288 1027 342 Conyza
1060 286 1424 340 amorplesoylossa
1450 287 1588 331 Boiss.
1616 289 1661 331 in
1687 290 1768 344 Ky.
1795 291 1855 346 pl.

150 359 242 391 exs.
263 372 315 380 -
343 348 390 391 Ε.
418 349 667 391 Zerdanum
689 348 827 391 Boiss.
854 348 1006 401 Diagn.
1027 346 1121 390 Ser.
1147 346 1178 400 Ι,
1205 361 1245 401 p.
1274 347 1344 389 82.

197 420 298 457 Hah.
321 422 361 456 in
379 422 529 458 fissuris
548 422 706 468 rupium
724 421 894 467 regionis
914 421 1059 475 alpinae
1080 421 1223 471 Pers-iae
1248 420 1433 456 australis
1463 422 1502 456 in
1521 423 1654 476 monte
1671 421 1857 459 Zerdkuh

150 468 291 512 (Auch.
303 468 443 514 30181),
462 468 552 504 Kuh
572 469 656 505 Nur
672 473 708 504 et
723 469 851 504 Kellal
866 469 917 504 ad
931 479 1043 504 nives
1057 467 1316 504 12000’13000’
1333 467 1552 514 (Hausskl)‚
1561 469 1720 515 a1p1bus
1734 480 1856 517 prope

151 514 320 561 Ispahan
348 518 386 551 et
415 517 507 552 Kuh
538 517 673 552 Daena
703 516 844 561 (Auch.
871 516 993 561 47471,
1029 515 1099 562 Ky.
1129 516 1247 560 7591),
1269 515 1412 550 Persiae
1432 516 1513 551 bor.
1539 517 1635 562 jugo
1655 516 1855 553 Nasseron

150 563 295 598 montis
315 561 549 599 Demavend
571 563 661 609 (Ky.
679 563 784 608 3481)
804 563 862 599 Fl.
885 563 960 598 Jul.
980 562 1055 598 Jul.

197 626 340 663 Caules
360 628 615 674 scapiformes
627 627 916 674 2-3-pollicares
931 626 993 662 vel
1010 626 1413 679 breviores-capitula
1428 627 1596 681 magnit3
1618 627 1665 663 E.
1683 628 1857 675 umflorz,

147 671 300 709 flosculi
317 675 453 710 ssavidi
480 674 544 710 vel
563 675 758 721 purpurei.
790 674 944 721 Species
963 674 1125 709 floribus
1145 674 1324 709 femineis
1344 673 1677 727 llgulaeiormlbus
1696 676 1853 712 tubulo-

146 720 216 764 sis‚
242 721 306 757 vel
335 722 498 758 omnino
528 721 812 765 deficientibus,
843 723 1054 757 transitum
1079 721 1275 767 optimum
1293 720 1394 756 inter
1413 721 1609 768 Ertyeron
1627 725 1665 758 et
1692 724 1851 769 plantas

149 765 315 814 Conyzoe
332 768 609 805 adnumeratas
630 769 820 813 praehens.

209 894 274 936 10.
309 894 364 936 Ε.
401 894 852 949 latisquamum,
888 894 1167 947 cespttosum,
1205 892 1442 946 cinereum,
1468 894 1584 936 inter
1625 897 1735 949 pilos
1771 898 1851 940 mi-

144 955 249 995 nute
286 952 608 1007 glandulosum,
640 953 878 995 rhizomate
911 953 1152 994 incrassato
1181 964 1428 1006 squamOSQ
1452 953 1564 996 foliis
1585 954 1851 1000 radicalibus

140 1013 552 1066 ovato-spathulatis
588 1012 772 1066 integris
810 1011 854 1053 in
891 1010 1097 1066 petiolum
1127 1010 1378 1062 attenuatis,
1415 1012 1613 1055 caulibus
1639 1016 1849 1059 tenuibus

140 1071 460 1125 monocephalis
504 1071 617 1113 foliis
663 1070 908 1112 minoribus
953 1068 1151 1122 oblongis
1195 1068 1364 1112 obtusis
1406 1070 1580 1123 Obsius,
1629 1072 1849 1118 involucri

142 1127 337 1172 breviter
371 1130 472 1172 hirti
506 1129 838 1183 glandulosique
865 1129 1026 1184 phyllis
1051 1128 1202 1182 paucis
1234 1130 1431 1172 externis
1454 1130 1650 1185 oblongis
1678 1133 1850 1177 obtusis

142 1187 313 1230 caeteris
339 1189 610 1242 longioribus
634 1187 1007 1241 lineari-oblongis
1030 1187 1180 1241 acutis,
1207 1187 1390 1231 floribus
1413 1189 1610 1233 femineis
1634 1193 1851 1245 margina-

143 1244 257 1289 libus
298 1248 446 1300 paucis
490 1248 691 1290 omnibus
734 1247 949 1290 tubulosis
1001 1245 1225 1293 2-3-lobis,
1268 1259 1412 1301 pappo
1454 1249 1633 1292 achenio
1673 1250 1845 1296 hirsuto

138 1306 484 1359 sesquilongiore
519 1313 578 1354 36.
614 1331 672 1336 -
713 1305 760 1347 E.
788 1304 1197 1359 amarphoylossmn
1231 1316 1324 1347 var.
1361 1305 1679 1359 latisquamum
1703 1309 1844 1354 Boiss.

138 1361 184 1406 in
206 1364 286 1417 Ky.
310 1376 400 1406 exs.
430 1367 552 1408 1846.

186 1437 290 1473 Hab.
309 1439 349 1474 in
373 1449 421 1474 ru
451 1440 621 1475 esti-ibus
645 1439 766 1475 faucis
784 1438 896 1475 schir
913 1438 1015 1475 Dere
1033 1440 1179 1474 montis
1197 1437 1344 1475 Elbrus
1362 1449 1484 1486 prope
1503 1440 1687 1477 Derbend
1702 1442 1742 1478 in
1757 1443 1848 1480 Per·

136 1483 198 1520 sia
214 1484 366 1522 boreali
385 1450 475 1532 (Ify.
495 1486 611 1531 4071).

183 1547 331 1584 Caules
349 1549 654 1596 4-5-pollicares3
675 1549 790 1585 valde
807 1549 922 1585 affine
940 1549 1175 1595 prwcedenti
1191 1550 1300 1596 cnjus
1316 1550 1447 1586 forsan
1465 1552 1637 1587 varietas
1656 1554 1724 1589 sed
1743 1564 1845 1590 rece-

134 1593 193 1630 dit
208 1596 314 1632 foliis
333 1596 501 1632 caulinis
522 1597 730 1632 latioribus
749 1596 916 1641 obtusis,
933 1596 1128 1632 involucri
1143 1597 1292 1644 phyllis
1310 1598 1569 1644 paucioribus,
1581 1601 1845 1638 exterioribus

135 1643 261 1678 multo
279 1643 491 1679 latioribus
511 1647 549 1680 et
567 1643 849 1688 obtusioribus,
866 1643 1040 1679 acheniis
1056 1644 1275 1690 maioribus
1294 1649 1332 1680 et
1349 1656 1478 1692 pappo
1500 1646 1691 1693 longiore.

200 1772 264 1813 11.
298 1771 356 1814 Ε.
393 1772 703 1817 Persicum
735 1773 896 1821 (Boiss.
923 1773 1074 1827 Diagn.
1103 1774 1196 1817 Ser.
1230 1775 1263 1826 Ι,
1297 1775 1369 1828 VI,
1397 1790 1437 1830 p.
1461 1780 1539 1831 61)
1565 1777 1843 1831 pubescenti·

133 1828 341 1883 griseum,
379 1832 576 1874 caulibus
614 1843 666 1873 ex
694 1833 931 1875 rhizomate
970 1834 1165 1876 verticali
1205 1834 1323 1876 nudo
1362 1835 1841 1890 ascendenti-procum-

135 1885 339 1931 bentibus
380 1890 586 1933 tenuibus
626 1891 790 1934 foliosis
832 1892 1016 1934 ramosis
1057 1893 1377 1948 oligocephalis,
1416 1894 1531 1938 foliis
1574 1896 1839 1940 radicalibus

136 1946 270 1989 multo
297 1949 534 2003 majoribus
561 1949 1026 2004 oblongo-spathulatis
1062 1952 1200 1994 acutis
1239 1953 1281 1994 in
1322 1952 1530 2007 petiolum
1572 1954 1696 2007 longe
1733 1959 1842 1999 atte-

134 2006 277 2048 nuatis
298 2007 479 2059 integris
506 2005 575 2051 vel
602 2014 726 2052 acute
752 2015 794 2052 et
817 2015 983 2052 remote
1013 2011 1213 2064 dentatis,
1240 2012 1424 2054 caulinis
1449 2013 1838 2069 lineari-oblongis,

133 2062 345 2107 involucri
372 2066 474 2108 hirti
499 2065 658 2121 phyllis
682 2068 984 2112 subbiSeriatis
1008 2069 1246 2113 linearibus
1273 2071 1490 2113 viridibus
1513 2072 1557 2114 in
1586 2085 1838 2116 mucronem

132 2133 406 2177 purpureum
447 2126 704 2169 acuminatis
744 2139 885 2182 pappo
914 2127 1205 2181 brevioribus,
1242 2128 1426 2172 floribus
1454 2131 1653 2174 femineis
1688 2133 1838 2186 paucis

132 2180 346 2225 tubulosis
367 2184 593 2234 9-3-10b1s.
611 2198 751 2240 pappo
769 2186 947 2229 achenio
967 2188 1134 2230 sericeo
1153 2188 1483 2243 subaequilongo
1512 2196 1548 2237 26
1563 2223 1571 2232 .
1589 2214 1644 2221 -
1661 2190 1840 2244 Corzyza

132 2237 312 2282 Persica
340 2240 477 2285 Boiss.
504 2243 548 2284 in
575 2244 655 2297 ΚΥ.
682 2244 736 2298 pl.
765 2245 887 2287 Pers.
920 2247 1045 2289 1845.

180 2311 281 2347 Hah.
302 2314 342 2349 in
362 2315 563 2351 montibus
585 2315 848 2353 Kurdistaniae
865 2319 1043 2364 Persicae,
1060 2320 1276 2366 Avroman,
1294 2320 1453 2357 Schahu
1467 2322 1516 2357 ad
1536 2322 1647 2358 nives
1659 2323 1839 2361 12000’et

133 2363 265 2395 monte
297 2359 517 2398 Dalechani
547 2374 668 2409 supra
696 2363 856 2409 Sungur
885 2365 1063 2410 (Haussk
1074 2369 1110 2412 1),
1141 2368 1181 2403 in
1200 2368 1334 2404 Persia.
1359 2370 1630 2405 austro-occid.
1655 2371 1704 2406 ad
1723 2372 1837 2408 nives

133 2407 324 2442 montium
343 2407 510 2452 Sawers,
531 2410 627 2455 Nur,
645 2410 831 2456 Eschker,
849 2411 989 2459 Kellal,
1002 2413 1230 2450 Ssebsekuh
1248 2415 1428 2460 (Haussk
1441 2418 1477 2461 1),
1493 2416 1534 2451 in
1548 2417 1713 2453 excelsis
1732 2418 1835 2466 alpis

132 2449 222 2488 Kuh
241 2453 342 2491 Delu
359 2455 452 2500 (ΚΥ.
472 2456 588 2501 4981).

180 2515 321 2551 Cautes
352 2519 450 2553 semi
482 2519 612 2554 edales
630 2519 696 2555 vel
727 2521 939 2567 breviores,
971 2524 1142 2569 capitula
1160 2535 1294 2571 magn.
1330 2525 1375 2561 Ε.
1405 2526 1511 2562 aeris
1529 2528 1680 2574 aquus
1698 2528 1835 2565 formis

130 2561 324 2608 depressis
354 2530 532 2601 caulissus
560 2567 908 2604 infrarosularibus
928 2573 966 2605 et
983 2571 1122 2606 florum
1143 2571 1401 2618 dispositione
1423 2573 1565 2609 eximie
1590 2574 1736 2610 differt.
1771 2576 1835 2612 Ab

133 2606 179 2643 Ε.
205 2610 526 2658 amorplzoylosso
544 2614 776 2651 indumento
798 2616 922 2663 brevi,
957 2617 1173 2654 rhizoxnate
1205 2620 1312 2655 nudo
1344 2620 1522 2665 tenuiori,
1549 2623 1725 2666 squamis
1745 2633 1836 2669 pur·

132 2659 514 2704 puteo-acuminatis,
534 2664 619 2704 eto,
637 2661 905 2708 distinguitur.

194 2783 257 2825 12.
292 2784 348 2828 Ε.
383 2785 706 2830 obovatum
739 2788 841 2844 (Bth
867 2790 910 2831 in
936 2789 1071 2833 Hook.
1111 2791 1225 2835 Icon.
1264 2793 1326 2835 Pl.
1353 2792 1450 2845 ΧΠ,
1488 2807 1529 2848 p.
1555 2796 1579 2836 7
1613 2797 1695 2839 sub
1718 2797 1834 2839 Bra·

128 2839 375 2898 chyactidc)
399 2845 608 2899 adpresse
636 2850 1150 2894 tomentoso-canescens.
1172 2850 1369 2894 caulibus
1396 2865 1419 2894 e
1441 2853 1678 2898 rhizomate
1706 2856 1834 2899 indu-

131 2903 223 2942 rato
262 2903 438 2955 pumilis
471 2905 623 2946 crebre
648 2906 813 2948 foliosis
848 2907 1047 2960 rigidulis
1080 2910 1381 2964 1-‘2-cephalis,
1410 2912 1524 2954 foliis
1550 2913 1832 2957 inferioribus

130 2958 644 3016 orbiculari-spathulatis
681 2964 974 3008 obtusissimis
1013 2966 1107 3010 basi
1143 2970 1339 3011 cuneatis
1366 2969 1561 3015 breviter
1597 2973 1833 3027 petiolatis‚
