2071 3241
78 216 270 254 Achaten.
814 223 1060 250 compost-rm.
1712 215 1785 253 273

79 296 118 331 di
131 295 168 331 el
181 295 288 330 Karn
306 296 343 330 et
359 294 460 330 circa
472 293 711 329 Damascum
730 292 851 337 (Gaill
861 294 900 338 l),
919 293 1022 328 inter
1034 292 1241 338 Rascbeya
1255 295 1292 329 et
1307 294 1547 330 Damascum
1562 295 1651 340 (Ky.
1664 294 1783 342 3871),

77 343 119 378 in
148 342 444 388 Mesopotamiae
475 339 638 376 desertis
667 340 769 375 inter
796 333 961 386 Aleppo‘¹
975 342 1013 375 et
1036 339 1199 385 Bagdad
1226 339 1344 383 (Oliv.
1372 342 1409 376 et
1433 340 1581 387 Brug.)
1619 342 1780 379 F1.Jul.

77 389 219 426 Planta
236 387 558 434 fragrantissima.
579 387 744 423 Arabico
765 385 952 434 Keymm,
967 387 1032 423 vel
1050 385 1264 434 Babouney
1281 388 1346 423 vel
1366 387 1546 434 Gjasum.

123 451 298 488 Achenia
314 453 422 498 (quae
439 460 519 486 non
539 450 640 495 vidi)
658 460 705 486 ex
723 449 851 485 Delile
870 452 988 486 ovata
1005 449 1143 485 striata
1161 450 1307 495 glabra.
1328 451 1422 487 Haec
1440 452 1579 498 planta
1597 463 1619 488 a
1636 452 1783 490 Santo-

76 497 159 536 ῐὶηᾶ
177 499 314 535 habitu
331 502 369 533 et
386 497 544 534 corollae
558 497 652 532 tubo
671 508 717 533 su
749 507 790 532 ra
808 497 1014 533 acheniuni
1034 507 1112 532 non
1130 497 1318 544 producto
1334 498 1540 534 discedens
1559 499 1670 536 nulla
1684 503 1780 537 nota

77 546 176 582 mihi
192 546 244 582 ab
263 543 440 581 Achillea
458 543 656 580 discedere
673 544 713 579 vi
744 546 839 589 etur,
860 544 1068 580 transitum
1087 544 1299 591 quemdam
1318 546 1418 581 inter
1438 546 1486 581 A.
1500 546 1727 593 Ayeratum
1745 551 1783 584 et

77 593 274 630 Achilleas
290 591 612 630 Santocmoidem
633 591 827 638 praebens.

645 720 767 762 Sac'r.
802 719 854 761 ΙΙ.
895 719 1211 763 Aarnaomms.

140 846 212 887 49.
247 844 312 887 A.
345 843 804 887 membranacea
836 841 1006 898 (Labill.
1045 842 1142 895 Syr.
1186 843 1290 886 Dec.
1335 844 1410 897 III,
1449 858 1490 899 p.
1523 847 1588 898 14,
1629 847 1717 890 tab.
1757 850 1784 889 9

78 904 161 948 sub
188 902 465 958 Anthcmide]
493 902 704 958 adpresse
727 902 870 945 lanata
896 913 1001 944 cana
1026 913 1081 944 ex
1105 902 1345 946 rhizomate
1371 904 1649 950 suffruticoso
1672 908 1785 950 mul-

80 963 264 1015 ticaulis‚
295 962 493 1004 caulibus
526 961 683 1003 erectis
720 960 934 1015 angulatis
957 960 1269 1004 remotiuscule
1303 963 1468 1006 foliosis
1510 964 1784 1019 simplicibus

79 1022 150 1064 vel
172 1033 299 1076 parce
325 1020 738 1075 ramosis,capitulis
762 1019 816 1062 ad
838 1031 984 1062 ramos
1007 1019 1212 1064 solitariis
1236 1022 1541 1065 terminalibus
1562 1024 1633 1065 1-3
1659 1024 1783 1079 longe

80 1080 379 1135 pedunculatis
404 1079 569 1133 magnis
592 1079 746 1132 ovatis‚
766 1079 880 1121 foliis
907 1082 1090 1132 anguste
1115 1079 1589 1124 lineari-teretiusculis
1612 1083 1656 1125 in
1681 1095 1783 1138 seg-

78 1142 225 1182 menta
249 1139 427 1181 minima
448 1142 703 1181 transversa
725 1138 825 1192 plus
861 1137 1007 1180 minus
1042 1142 1159 1180 arcte
1180 1137 1406 1183 imbricata
1433 1140 1477 1182 in
1500 1140 1679 1185 lacinias
1706 1143 1779 1185 3-5

79 1202 228 1241 ovatas
252 1199 322 1240 vel
345 1197 810 1251 oblongo-lanceolatas
836 1196 1302 1251 spinuloso-aculeatas
1325 1199 1486 1254 partita
1516 1200 1782 1254 pinnatisec-

78 1257 149 1310 tis,
180 1257 397 1301 involucri
442 1268 571 1311 parce
612 1255 763 1298 birtuli
804 1254 1129 1310 hyalino-nitidi
1174 1257 1334 1311 phyllis
1370 1258 1666 1303 obtusissimis
1697 1261 1782 1303 late

80 1316 419 1359 membranaceis
444 1315 641 1369 margine
668 1314 1214 1368 sublacero-denticulatis‚
1243 1316 1390 1370 ligulis
1426 1318 1555 1360 luteis
1587 1320 1782 1373 oblongis

78 1375 271 1418 obsolete
297 1375 465 1418 trilobis
483 1374 706 1417 involucro
732 1375 806 1416 vix
828 1373 1105 1417 brevioribus
1132 1379 1170 1425 5.
1199 1374 1481 1428 Arthrolepz‘s
1504 1377 1783 1421 membrana-

79 1444 152 1476 cea
174 1434 315 1477 Boiss.
342 1434 491 1488 Diagn.
519 1434 545 1476 l.
572 1433 642 1475 cit.
664 1445 705 1487 p.
735 1434 801 1475 15.
839 1455 898 1465 -
935 1431 1040 1474 Ach.
1065 1432 1397 1477 membranacea
1425 1437 1468 1478 et
1490 1435 1598 1479 Aah.
1631 1436 1783 1480 imbri-

78 1494 176 1535 cata
199 1506 281 1536 uc.
303 1493 457 1536 Prodr.
480 1492 552 1544 VI,
578 1505 619 1547 p.
648 1492 716 1534 32.
743 1491 868 1535 Vent.
897 1490 994 1535 Cels
1016 1492 1102 1535 tab.
1129 1494 1199 1536 54.

124 1566 227 1602 Hah.
247 1567 287 1602 in
305 1566 475 1602 collibus
496 1566 546 1602 ad
564 1565 770 1601 meridiem
794 1564 978 1602 Damasci
1004 1566 1172 1613 (Boissl)
1199 1567 1503 1612 (Verosimiliter
1534 1579 1583 1605 ex
1615 1579 1744 1606 errore
1762 1583 1785 1606 a

80 1614 313 1650 Billardiero
335 1614 375 1649 in
402 1613 553 1649 Libano
571 1613 782 1659 indicata),
800 1613 840 1649 in
859 1613 1012 1649 deserto
1033 1614 1133 1650 inter
1152 1615 1283 1651 Hama
1303 1618 1341 1651 et
1358 1616 1583 1662 Palmyram
1602 1616 1668 1662 (Bl
1681 1620 1718 1662 l),
1740 1618 1783 1654 in

80 1661 364 1708 Mesopotamia
387 1660 637 1706 (Michaux!)‚
663 1661 763 1696 inter
785 1660 937 1709 Aleppo
958 1663 996 1696 et
1014 1660 1108 1697 Orfa
1136 1662 1227 1708 (Ky.
1248 1663 1306 1707 61)
1324 1665 1362 1699 et
1378 1665 1478 1699 inter
1498 1663 1567 1699 Bir
1585 1666 1622 1700 et
1637 1664 1784 1701 Tchar-

78 1708 199 1744 melik
221 1708 446 1753 (Hausskl).
468 1707 525 1743 Fl.
545 1707 636 1743 Mai.

124 1771 267 1807 Caules
288 1771 567 1818 'l2-1—pedales‚
584 1770 681 1806 folia
696 1771 1033 1818 1-1¹l2-pollicaria
1052 1773 1333 1819 sesquilineam
1352 1774 1443 1819 lata,
1457 1775 1629 1821 capitula
1649 1786 1780 1822 magn.

76 1818 326 1902 :ilgzltlssetrssgcgg
344 1818 529 1902 5332}ssss-
548 1838 589 1843 —
609 1818 657 1854 A.
679 1817 891 1855 imbricata
909 1818 1022 1854 Vent.
1037 1830 1086 1855 ex
1103 1820 1262 1867 specim.
1284 1821 1501 1858 Michauxii
1519 1823 1559 1858 in
1577 1833 1651 1858 nc.
1671 1824 1781 1860 herb.

137 1981 206 2022 50.
239 1979 302 2023 A.
336 1979 776 2035 hrachyphylla
808 1979 967 2035 (Boiss.
998 1984 1039 2023 et
1074 1981 1285 2036 Haussk.)
1311 1997 1440 2038 parce
1465 1985 1603 2028 lanata
1631 1998 1782 2029 canes-

76 2050 181 2082 cens
214 2051 270 2082 ex
302 2038 538 2081 rhizomate
566 2039 771 2082 indurato
797 2039 1314 2095 cespitosomulticaiilis,
1348 2043 1547 2086 caulibus
1578 2047 1784 2088 teretius-

76 2098 186 2141 culis
232 2098 402 2140 inferne
447 2098 542 2141 laxe
587 2097 744 2140 foliatis
793 2110 986 2152 superne
1035 2099 1165 2142 nudis
1207 2113 1335 2144 mono
1378 2102 1445 2144 vel
1478 2104 1782 2157 2-3-cephalis‚

78 2157 335 2210 pedunculis
373 2156 559 2211 capitulo
597 2169 749 2210 magno
789 2156 1171 2211 sublongioribus‚
1227 2159 1341 2204 foliis
1389 2161 1781 2206 lineari-teretibus

76 2215 380 2259 crassiusculis
403 2215 609 2258 brevibus
634 2216 677 2258 in
702 2219 924 2270 segmenta
943 2217 1118 2259 minima
1138 2217 1273 2261 dense
1299 2220 1524 2263 imbricata
1543 2221 1588 2263 in
1606 2222 1782 2265 lacinias

78 2275 432 2328 ovato-oblongas
454 2273 579 2328 longe
604 2270 1053 2328 spinul'oso-dentatas
1078 2276 1296 2330 tripartita
1320 2279 1636 2332 pinnatiscctis.
1657 2281 1783 2324 invo—

78 2332 188 2376 lucri
224 2333 339 2377 ovati
376 2333 525 2388 pallidi
560 2333 710 2376 hirtuli
737 2333 896 2387 phyllis
922 2346 1007 2377 non
1034 2335 1374 2379 membranaceis
1409 2343 1549 2381 exter.
1577 2339 1779 2393 oblongo-

77 2390 325 2436 lanceolatis
363 2391 646 2434 acutiusculis
685 2392 872 2435 internis
912 2394 1081 2436 obtusis
1118 2394 1238 2447 apice
1274 2397 1592 2451 subscariosis‚
1631 2399 1780 2452 ligulis

78 2451 345 2494 oehroleucis
377 2450 515 2494 ovatis
542 2450 713 2493 triloliis
747 2451 975 2494 involucro
1014 2453 1268 2507 aequilongis
1296 2454 1473 2498 demum
1502 2457 1678 2499 reflexis
1714 2464 1776 2505 26.

78 2510 127 2552 Α.
150 2508 461 2562 monoceplmla
483 2509 623 2552 Boiss.
647 2512 691 2551 et
716 2509 904 2553 Haussk.
932 2511 1037 2554 Mss.
1069 2524 1154 2554 non
1180 2513 1322 2555 Boiss
1347 2513 1502 2568 Diagn.

125 2583 226 2619 Hab.
256 2583 298 2618 in
328 2582 511 2619 calcareis
540 2581 838 2629 Mesopotamiae
867 2593 1009 2630 propre
1035 2583 1165 2631 Sur-ug
1195 2589 1234 2621 et
1262 2585 1355 2622 Orfa
1379 2590 1417 2623 et
1443 2588 1482 2623 in
1501 2591 1633 2624 monte
1651 2589 1778 2626 Gebel

72 2629 232 2665 Taktak
245 2629 424 2675 (Haussk
433 2631 469 2675 l).
484 2629 540 2665 Fl.
556 2629 647 2665 Mai.

125 2692 266 2728 Caules
284 2692 555 2739 semipedales,
573 2692 793 2739 capitulum
813 2702 858 2728 eo
878 2693 928 2728 A.
945 2693 1259 2733 membranaceae
1276 2697 1497 2742 subminus,
1512 2698 1606 2735 folia
1623 2701 1782 2747 cespitis

73 2739 249 2775 conferta.
266 2740 330 2775 4-5
345 2739 472 2776 lineas
487 2741 639 2775 tantum
657 2739 789 2785 longa.
807 2739 1017 2776 Involucro
1037 2752 1061 2777 a
1087 2743 1330 2788 praecedente
1346 2744 1458 2780 facile
1483 2745 1779 2793 distinguenda.

138 2854 205 2896 51.
238 2854 302 2897 A.
338 2854 749 2909 oliqocephala
781 2857 879 2903 (13.0.
929 2856 1081 2899 Prodr.
1128 2859 1209 2911 VI,
1255 2872 1294 2913 p.
1339 2860 1415 2914 32)
1464 2874 1592 2915 parce
1638 2864 1782 2908 lanata

76 2923 326 2966 canescens,
351 2913 587 2956 rhizomate
622 2914 826 2957 indurato
857 2926 999 2958 ramos
1027 2917 1201 2960 steriles
1226 2919 1385 2962 breves
1412 2921 1590 2964 foliosos
1617 2923 1782 2968 caules·

77 2983 164 3025 que
186 2971 398 3015 floriferos
432 2971 653 3025 elongatos
681 2973 851 3016 inferne
880 2973 975 3016 laxe
1008 2975 1182 3019 ioliosos
1209 2977 1370 3030 edenti,
1396 2979 1510 3022 foliis
1536 2981 1782 3027 linearibus

1499 3052 1546 3089 18
