2090 3291
252 203 324 239 646
982 215 1226 242 composrrAE.
1713 208 1954 250 Centaurea.

301 284 425 320 Valde
444 285 571 319 affinis
595 284 631 320 C.
647 285 821 331 pallidae,
842 286 911 320 sed
932 296 1086 333 pappus
1105 287 1269 322 dimidio
1292 287 1451 323 brevior
1469 289 1507 323 et
1526 288 1621 323 folia
1638 289 1796 325 caulina
1814 290 1956 327 latiora

253 333 291 367 et
308 332 531 375 obtusiora3
552 342 573 366 a
593 331 629 366 C.
651 330 886 378 particulata
905 336 942 367 et
958 334 1044 368 aliis
1063 335 1268 380 speciebus
1288 335 1512 370 tenuisectis
1534 335 1651 381 longe
1670 336 1809 371 differt.

315 448 384 489 66.
420 447 474 488 C.
505 445 728 501 pallida
766 446 903 500 (Fi-iv.
937 448 1062 490 Flora
1096 450 1221 501 1835,
1249 449 1282 502 Ι,
1308 449 1413 505 333)
1440 450 1956 503 lanuginoso-cancscens

254 506 325 548 vel
357 504 634 558 glabrescens
661 518 683 546 a
717 505 809 546 basi
849 507 1130 559 paniculatim
1169 509 1482 560 ramosissima‚
1520 509 1632 552 foliis
1671 510 1954 553 inferioribus

252 564 554 619 pinnatisectis
583 565 819 616 segmentis
850 565 1047 618 oblongis
1071 569 1112 608 et
1138 567 1594 619 oblongo-lanceolatis
1623 569 1952 620 mucronulatis,

253 622 558 676 superioribus
587 623 811 666 sessilibus
846 625 1029 666 summis
1063 624 1279 672 indivisis,
1317 626 1518 679 capitulis
1545 627 1752 670 solitariis
1787 627 1956 681 pedun-

253 682 409 723 culatis
444 681 737 723 mediocribus
775 682 927 731 ovans
954 683 1169 725 involucri
1205 685 1444 727 tomentelli
1474 686 1541 726 vel
1579 686 1763 738 glabrati
1795 685 1955 739 phyllis

253 740 478 793 adpressis
507 740 672 782 stt-latis
696 741 835 782 ovatis
858 744 900 782 et
925 741 1122 794 oblong1s
1145 743 1382 797 appendice
1409 744 1533 785 brevi
1565 745 1820 797 triangulari
1847 744 1950 786 9-11

254 799 503 852 pectinatim
531 802 572 839 et
609 798 878 851 longiuscule
905 800 1046 842 ciliata
1082 801 1125 842 In
1162 814 1413 845 mucronem
1451 802 1561 844 ciliis
1610 803 1952 845 subvalidiorem

253 858 329 899 sed
358 857 602 899 breviorem
630 858 803 900 abeunti
829 859 1061 912 superatis,
1095 860 1292 902 flosculis
1320 861 1480 915 pallide
1503 861 1642 904 roseis
1666 861 1953 907 radiantibus,

253 916 384 970 pappi
409 916 522 956 serie
544 916 801 958 intermedia
824 918 1002 960 achenio
1030 917 1318 961 subbreviore
1354 926 1411 967 39.
1440 919 1495 961 Ic.
1522 919 1657 962 Rchb.
1686 920 1769 962 tab.
1801 922 1869 962 58³.
1900 945 1949 950 —

255 975 296 1016 G.
322 974 564 1015 Ii'arstiana
592 974 760 1017 Griseb.
786 976 898 1028 Spic.
926 976 978 1027 II,
1016 989 1054 1029 p.
1089 978 1173 1019 240
1201 990 1286 1020 non
1322 978 1445 1032 Scop.
1488 978 1529 1020 C.
1558 978 1707 1020 cillata
1742 979 1858 1021 Friv.
1893 979 1954 1021 Fl.

258 1034 383 1085 1835,
412 1033 441 1082 l,
467 1047 507 1086 p
533 1034 616 1075 334
643 1034 842 1087 capitulis
867 1035 1196 1078 subminoribus
1223 1040 1388 1079 tantum
1414 1036 1592 1079 differre
1614 1038 1803 1080 videtur.

300 1106 404 1140 Hal).
426 1107 464 1140 in
484 1106 714 1141 Macedonia
735 1106 820 1142 loco
840 1118 916 1142 non
938 1110 1071 1143 notato
1091 1109 1247 1152 (Frivl).

300 1169 498 1204 Immerito
529 1169 651 1204 relata
682 1170 729 1204 ad
762 1169 801 1205 C.
824 1170 1092 1207 Ii'arstz'anam
1125 1172 1309 1207 foliorum
1339 1171 1493 1208 laciniis
1526 1176 1690 1218 anguste
1721 1173 1952 1220 linearibus,

252 1216 436 1262 capitulis
456 1217 533 1251 fere
552 1216 715 1251 dimidio
735 1218 964 1260 minoribus,
983 1218 1133 1264 phyllis
1153 1219 1577 1265 hyalino-marginatis,
1595 1230 1725 1267 pappo
1744 1221 1954 1256 achenium

255 1264 427 1309 aequanti
456 1264 692 1298 distinctam.
719 1265 883 1310 Propius
906 1266 1052 1300 accedit
1074 1266 1124 1301 ad
1155 1266 1184 1301 C
1213 1266 1468 1312 canezsoliam
1494 1267 1599 1302 foliis
1631 1268 1957 1314 bipinnatisectis‚

254 1310 405 1356 phyllis
424 1311 463 1345 in
479 1320 706 1345 mucronem
728 1321 804 1346 non
827 1312 1062 1348 abeuntibus
1081 1313 1371 1348 subdiversam.

316 1436 386 1476 67.
425 1434 478 1476 C.
515 1434 741 1476 intacta
774 1434 959 1489 (Ledeh.v
998 1435 1058 1476 Fl.
1106 1435 1236 1477 Ross.
1275 1435 1328 1486 ΙΙ,
1372 1448 1411 1489 p.
1453 1436 1552 1487 705)
1595 1435 1747 1477 scabra
1793 1435 1954 1489 pallide

256 1494 418 1546 virens,
445 1493 640 1535 caulibus
680 1495 836 1535 erectis
867 1494 1016 1547 rigidis
1045 1508 1065 1536 a
1095 1495 1235 1537 medio
1274 1495 1424 1536 stricte
1461 1498 1503 1535 et
1541 1494 1736 1536 breviter
1770 1495 1954 1538 ramosis

249 1553 384 1594 ramis
412 1552 575 1593 foliosis
600 1553 717 1604 apice
757 1554 1054 1607 1-3-ceplialis‚
1072 1554 1185 1595 soliis
1208 1553 1376 1605 rigidis,
1403 1552 1742 1603 radicalibus...,
1769 1553 1954 1596 caulinis

252 1612 483 1653 sessilibus
511 1611 672 1653 strictis
700 1611 741 1652 in
768 1612 944 1653 lacinias
980 1624 1139 1666 pancas
1175 1613 1405 1654 latiuscule
1435 1611 1625 1654 lineares
1658 1612 1725 1652 vel
1750 1612 1955 1664 oblongo-

253 1670 441 1711 lineares
486 1670 842 1724 pinnatipartitis.
871 1672 1028 1713 rameis
1061 1671 1300 1713 linearibus
1333 1671 1425 1713 basi
1465 1671 1541 1712 1-2
1569 1670 1769 1712 lacinulis
1800 1670 1954 1721 auctis,

253 1729 455 1782 capitulis
483 1728 772 1770 mediocribus
812 1729 950 1771 ovatis
977 1730 1134 1772 foliolis
1161 1730 1372 1772 brevibus
1407 1729 1706 1778 involucratis‚
1740 1729 1956 1771 involucri

255 1787 391 1840 glabri
430 1788 586 1840 pallide
620 1788 719 1829 ssavi
759 1788 917 1841 phyllis
953 1788 1174 1842 adpressis
1210 1789 1448 1843 appendice
1476 1788 1599 1829 brevi
1635 1787 1889 1841 pectinatim
1913 1791 1958 1830 et

256 1845 529 1898 longiuscule
561 1846 828 1888 9-f102-ciliata
858 1848 900 1888 in
938 1859 1189 1889 mucronem
1225 1847 1536 1900 triangularem
1565 1846 1673 1889 ciliis
1702 1846 1956 1888 validiorem

255 1908 298 1945 et
322 1905 567 1947 breviorem
594 1905 769 1947 abeunti
796 1906 1030 1960 superatis,
1054 1906 1249 1949 flosculis
1278 1906 1439 1959 pallide
1469 1906 1610 1947 roseis
1634 1918 1719 1947 non
1748 1905 1956 1947 radianti-

255 1963 350 2015 bus.
374 1964 503 2017 pappi
534 1964 646 2005 serie
667 1964 924 2006 intermedia
949 1965 1126 2007 aelienio
1154 1966 1319 2007 hirtulo
1344 1964 1623 2018 sublongiore
1660 1971 1718 2011 26.

301 2037 404 2071 Hal).
427 2037 465 2071 in
487 2036 671 2071 Ix'achetia
693 2037 860 2082 (Hehn!)
879 2037 982 2083 (Vid.
1005 2038 1043 2072 in
1066 2038 1172 2073 herb.
1194 2038 1326 2074 Ledeb
1343 2040 1372 2082 ).

301 2099 596 2146 Sesquipedalis
615 2100 676 2134 vel
697 2100 902 2145 bipedalis,
936 2101 1034 2136 rami
1064 2101 1366 2148 2-3-pollicares,
1393 2101 1563 2147 capitula
1591 2101 1645 2136 eis
1665 2100 1701 2136 C.
1721 2101 1846 2137 ovinoe
1864 2100 1957 2136 sub-

256 2148 418 2192 majora,
440 2146 476 2182 C.
501 2147 712 2182 maculosa»
740 2148 981 2182 subminora.
1013 2149 1152 2183 Affinis
1180 2148 1217 2185 C.
1234 2148 1399 2196 pallidae
1428 2148 1556 2183 differt
1573 2148 1678 2183 foliis
1700 2148 1845 2183 strictis
1867 2148 1957 2183 laci-

255 2194 330 2228 niis
352 2195 542 2239 angustis,
567 2195 685 2229 ramis
705 2195 936 2239 corymbose
957 2195 1226 2241 2-3-cephalis,
1247 2195 1398 2242 phyllis
1427 2205 1505 2230 non
1523 2195 1861 2241 exarato-sudans,
1882 2196 1953 2230 etc.

316 2322 384 2362 68.
421 2321 471 2363 C.
503 2319 810 2374 olympica
835 2319 994 2374 (Boiss.
1014 2320 1165 2373 Diagn.
1187 2320 1280 2362 Ser.
1300 2320 1354 2372 II,
1372 2321 1411 2371 3,
1436 2332 1474 2373 p.
1499 2319 1574 2373 77)
1603 2331 1731 2373 parce
1749 2331 1957 2361 araneosa

255 2380 418 2423 virens,
443 2379 639 2422 caulibus
663 2379 857 2421 tenuiter
880 2379 1060 2431 virgatis
1088 2379 1304 2432 angulatis
1327 2379 1491 2422 strictis
1518 2379 1792 2431 paniculatis‚
1825 2377 1959 2419 ramis

255 2439 464 2481 soliolosis
492 2437 838 2494 monoceplialis,
867 2437 980 2479 foliis
1014 2441 1176 2491 praeter
1201 2437 1507 2480 indumentum
1535 2435 1960 2491 papilloso-asperis

257 2497 467 2551 depresse
511 2497 742 2550 punctatis,
779 2496 1063 2538 inferioribus
1104 2496 1322 2550 petiolatis
1363 2497 1408 2538 in
1450 2496 1628 2539 lacinias
1669 2496 1876 2548 oblongas
1918 2497 1961 2536 et

256 2556 655 2609 oblongo-lineares
679 2556 772 2597 basi
798 2557 1026 2609 angustata
1048 2554 1335 2597 decurrentes
1362 2555 1555 2607 integras
1578 2553 1647 2597 vel
1674 2554 1838 2595 lobatas
1864 2553 1956 2606 pin·

257 2615 539 2669 natipartitis.
574 2614 879 2668 superioribus
915 2613 1143 2656 sessilibus
1171 2613 1298 2655 valde
1335 2613 1565 2655 diminutis
1601 2612 1872 2665 summisque
1906 2610 1959 2654 ad

256 2673 379 2715 basin
405 2673 581 2727 capituli
605 2673 992 2728 squamiformibus
1014 2673 1196 2725 integris
1219 2671 1423 2715 omnibus
1448 2671 1731 2721 mucronatis,
1757 2669 1957 2723 capitulis

258 2732 553 2775 mediocribus
587 2733 798 2785 oblongis,
824 2731 1039 2774 involucri
1066 2731 1350 2785 glabriusculi
1390 2731 1511 2784 apice
1547 2729 1767 2772 constricti
1797 2728 1958 2783 phyllis

255 2792 396 2833 ovatis
419 2795 461 2833 et
484 2791 681 2844 oblongis
716 2790 881 2833 stri-atis
915 2790 1140 2843 adpressis
1169 2790 1408 2844 appendice
1434 2788 1557 2832 brevi
1585 2787 1835 2842 pectinatim
1859 2787 1959 2829 ’7-9-

257 2850 403 2892 ciliata
432 2862 639 2892 mucrone
660 2849 876 2891 terminali
906 2849 1016 2891 ciliis
1043 2847 1322 2891 subbreviori
1347 2851 1389 2890 et
1413 2848 1485 2889 vix
1518 2847 1732 2899 validiori,
1764 2844 1958 2888 flosculis

258 2909 400 2951 roseis
428 2907 800 2959 subradiantibns‚
826 2908 955 2961 pappi
986 2907 1101 2949 serie
1128 2906 1389 2949 intermedia
1415 2906 1592 2948 achenio
1617 2917 1751 2959 parvo
1780 2903 1959 2946 dimidio

258 2967 462 3010 breviore
487 2966 556 3022 Θ.
592 2964 625 3009 C
658 2966 918 3019 particulata
939 2978 1031 3014 var.
1059 2965 1286 3018 Olympica
1310 2977 1391 3007 Dc.
1418 2964 1573 3006 Prodr.
1604 2964 1675 3013 VI,
1702 2976 1743 3018 p.
1770 2964 1869 3005 584.
