2090 3291
255 238 324 273 684
977 239 1222 266 COMPOSITAE.
1710 228 1950 266 Centaurea.

259 328 426 359 ramoso
465 314 736 367 corymboso‚
773 311 882 354 toliis
921 311 1115 364 margine
1141 310 1354 353 scabridis
1381 310 1664 352 inferioribus
1700 310 1745 352 in
1778 309 1956 352 lacinias

256 372 715 426 sil›longo-lanceolatas
754 371 963 424 utrinque
996 370 1070 411 6-7
1100 369 1462 424 pinnatipartitis‚
1502 368 1684 411 caulinis
1720 371 1763 411 et
1797 368 1956 410 rame1s

257 431 599 483 ovato-oblongis
632 430 714 472 late
739 432 782 472 et
818 427 1011 470 breviter
1036 427 1386 473 decurrentibus,
1420 426 1619 482 capitulis
1652 427 1956 469 terminalibus

258 490 547 533 mediocribus
580 487 888 530 ovato-comicis
915 486 1103 528 bracteis
1131 486 1286 540 amplis
1308 487 1449 529 ovatis
1474 485 1712 537 occultatis,
1739 485 1954 528 involucri

255 550 395 603 glabri
427 547 651 590 straminei
686 545 842 600 phyllis
869 548 987 588 arcte
1018 544 1256 587 inibrIcatis
1290 545 1411 599 apice
1446 544 1691 588 constrictis
1719 543 1954 597 appendice

257 606 587 662 patulo-reflexa
612 605 655 647 in
681 606 753 646 5-7
779 603 875 646 cilia
903 604 1196 657 spinescentia
1220 603 1487 656 longiuscula
1506 603 1846 658 palmatipartita
1868 606 1956 644 ter-

256 666 442 716 minatis,
462 664 621 718 phyllis
641 663 804 705 intimis
824 662 1062 716 appendice
1084 662 1241 704 inermi
1260 662 1451 704 scariosa
1474 661 1705 704 orbiculari
1725 661 1956 715 pectinato-

257 725 408 775 lacera,
436 722 627 764 ssosculiS
656 723 800 764 luteis.
827 721 1039 763 acheniis.
1063 754 1069 760 .
1091 753 1100 761 .
1144 727 1200 768 26.

302 797 398 831 Hal).
420 796 459 830 in
479 795 726 841 Cappadocia
745 794 794 830 ad
813 794 1213 840 EuphratemlAuch.
1233 794 1285 829 No
1303 793 1398 830 3225
1408 795 1444 839 l).

302 860 472 894 Brut-teis
494 858 583 893 latis
606 858 734 892 affinis
755 857 793 893 C.
813 856 1083 901 Szovztsianoe,
1101 856 1233 892 differt
1249 856 1479 903 phyllorum
1506 855 1790 902 appendicibus
1815 856 1959 902 persis-

256 906 427 941 tentibus
448 906 485 939 in
505 905 594 940 cilia
616 904 896 950 sesquilineam
917 903 1037 949 longa
1056 903 1264 950 palmatim
1281 905 1446 950 partitis.
1469 903 1505 939 C.
1525 902 1811 950 polypodz‘folz'a
1827 902 1960 939 differt

256 953 423 988 bracteis
452 953 584 998 parvis
614 951 792 997 angustis
822 950 1185 1003 appendicibusque
1210 950 1440 997 phyllorum
1466 950 1578 986 oculo
1598 949 1704 986 nudo
1721 950 1789 984 vix
1808 949 1957 996 perspi-

254 1000 335 1035 cuis
354 998 848 1034 deciduis.Observandum
865 1000 996 1033 tamen
1011 1008 1059 1033 an
1079 1001 1179 1033 mter
1193 998 1342 1044 species
1361 1001 1437 1033 tres
1456 997 1547 1033 illas
1560 997 1694 1033 formae
1712 996 1955 1033 intermediae

256 1057 333 1082 non
352 1049 563 1082 occurrant.

769 1173 888 1216 Smer.
926 1173 1019 1215 XII.
1057 1175 1437 1217 TETRAMORPHAEA.

316 1309 410 1350 158.
447 1307 499 1351 C.
529 1306 987 1363 phyllocephala
1022 1308 1181 1363 (Boiss.
1208 1310 1359 1363 Diagn.
1386 1309 1478 1351 Ser.
1506 1311 1538 1361 Ι,
1560 1311 1598 1358 6,
1622 1322 1659 1363 p.
1692 1309 1792 1364 134)
1815 1309 1956 1364 papil-

255 1368 306 1409 lis
334 1366 442 1408 albis
475 1366 681 1409 flexuosis
716 1367 869 1419 obsita,
903 1368 1023 1410 caule
1059 1368 1327 1411 divaricatim
1369 1369 1667 1411 ramosissimo
1700 1371 1750 1410 ut
1774 1372 1816 1411 et
1845 1369 1954 1411 rami

254 1426 363 1478 albo,
389 1425 500 1467 foliis
518 1426 680 1467 teneris
703 1426 898 1478 margine
916 1426 1340 1469 scabrido-ciliatulis
1365 1427 1624 1470 radicalibus
1640 1426 1955 1470 subsessilibus

256 1484 348 1526 basi
387 1484 621 1525 attenuatis
660 1484 907 1526 lanceolatis
949 1486 1380 1538 lyruto-pinnatilidis
1415 1486 1479 1528 vel
1514 1486 1728 1536 indivisis,
1767 1486 1954 1528 caulinis

254 1541 599 1596 ovato-oblongis
634 1542 1160 1596 amplexicauli-cordatis‚
1188 1545 1389 1598 capitulis
1422 1545 1615 1587 breviter
1650 1544 1953 1599 pedunculatis

256 1601 559 1643 terminalibus
584 1602 789 1644 solitariis
826 1613 941 1657 saepe
967 1603 1280 1656 approximatis
1308 1604 1459 1657 parvis
1484 1603 1598 1645 foliis
1622 1603 1847 1646 floralibus
1871 1604 1953 1646 6-7

254 1659 598 1713 ovato-oblongis
639 1660 761 1713 longe
803 1664 846 1702 et
889 1661 1139 1716 pectinatim
1178 1662 1453 1705 albo-ciliatis
1495 1663 1640 1717 phylla
1677 1662 1954 1717 aequantibus

255 1717 550 1763 involucratis,
587 1718 799 1761 involucri
828 1721 942 1763 ovati
983 1720 1139 1774 phyllis
1177 1721 1361 1774 integris
1402 1721 1606 1764 coriaceis
1641 1721 1752 1763 albis
1790 1721 1954 1764 infimis

253 1777 390 1819 ovatis
429 1776 700 1820 brevissimis
743 1777 786 1818 in
822 1779 991 1831 spinam
1030 1783 1210 1821 teretem
1254 1792 1389 1833 supra
1426 1780 1546 1823 sulco
1585 1783 1776 1823 notatam
1812 1781 1952 1823 albam

254 1836 442 1888 patulam
481 1836 672 1879 flosculis
704 1836 843 1878 roseis
876 1838 1111 1891 longiorem
1145 1838 1423 1890 abeuntibus,
1459 1839 1732 1882 intermediis
1757 1837 1954 1881 breviter

252 1894 467 1947 spinosis,
512 1895 674 1937 intimis
725 1895 1221 1939 lanceolam-linearibus
1279 1898 1398 1950 apice
1444 1898 1648 1939 scariosis
1694 1898 1954 1951 inermibus,

251 1953 440 1995 acheniis
465 1954 654 1996 minimis
673 1954 1055 2005 fusco-maculatis,
1079 1956 1206 2009 pappi
1230 1955 1315 1998 albi
1332 1956 1540 2010 pauciseti
1557 1957 1671 1999 serie
1693 1956 1953 1999 intermedia

251 2011 427 2052 achenio
454 2012 731 2064 sublongiore
769 2012 941 2055 interna
970 2014 1229 2056 brevissima
1254 2019 1319 2065 (D.
1359 2014 1708 2067 Tetromorphcea
1733 2014 1954 2065 Brumae-

251 2081 364 2110 rana
388 2084 413 2111 n
433 2083 468 2112 c.
503 2071 653 2112 Prodr.
685 2071 754 2123 Vl,
782 2085 822 2125 p.
854 2074 952 2114 609.

298 2141 397 2177 Hab.
418 2144 455 2177 in
476 2143 639 2178 desertis
656 2145 830 2190 Assyriae
851 2145 969 2189 (Oliv.
992 2148 1029 2181 et
1047 2146 1199 2190 Brugli,
1228 2146 1523 2193 Mesopotamiae
1541 2146 1590 2182 ad
1610 2147 1838 2183 Beschabur
1855 2147 1951 2193 (Ky.

250 2188 368 2233 4115),
387 2190 435 2225 ad
457 2190 615 2225 Kerknk
635 2194 672 2226 et
687 2192 727 2225 in
748 2192 902 2228 deserto
922 2193 1084 2229 Chabur
1109 2193 1331 2239 (Hausskti
1357 2195 1406 2229 ad
1429 2194 1547 2230 colles
1574 2204 1788 2241 gypsaceos
1809 2195 1954 2230 Persiae

252 2237 653 2272 austro-occidentalis
675 2239 722 2273 ad
743 2239 892 2285 Seytun
912 2240 1139 2285 (Hausskt).
1158 2241 1214 2276 Fl.
1239 2241 1328 2276 Mai.
1349 2242 1437 2276 Jun.

310 2303 353 2356 β.
388 2303 632 2356 Belanyere'.
662 2330 716 2336 —-
741 2304 847 2348 Cilia
870 2307 1070 2349 foliorum
1098 2311 1139 2350 et
1173 2308 1445 2350 bractearum
1471 2308 1523 2350 ad
1552 2308 1793 2351 denticulos
1819 2307 1953 2350 calca·

253 2373 351 2404 reos
374 2363 563 2405 reducta.
594 2388 646 2392 —
676 2365 715 2406 T.
742 2364 1066 2417 Belanyeriana
1089 2378 1166 2408 nc.
1197 2367 1274 2408 loc.
1299 2367 1368 2409 cit.

298 2435 395 2484 Hab.
416 2435 453 2469 in
474 2435 607 2471 Persia
625 2436 773 2472 boreali
793 2437 900 2482 (Bell
923 2439 1048 2475 Auch.
1069 2439 1211 2483 48281)‚
1240 2450 1349 2485 prov.
1371 2439 1600 2476 Khorassan
1629 2440 1771 2486 (Bget),
1790 2439 1952 2486 Aflgha-

251 2484 310 2517 nia
328 2482 488 2526 (Gi-iffi),
508 2482 733 2520 Belutschia
750 2484 952 2530 (Stocksl).

295 2544 554 2591 semipedalis
572 2546 634 2581 vel
653 2547 805 2593 pedalis
824 2558 935 2594 aeque
955 2548 1076 2594 longa
1094 2558 1138 2585 ac
1153 2547 1243 2594 lata,
1259 2549 1431 2596 capitula
1449 2550 1609 2596 magnit.
1633 2549 1669 2586 C.
1688 2549 1954 2597 myacantlzoe,

249 2591 455 2627 achenium
474 2591 620 2628 lineam
639 2593 717 2629 iere
735 2594 912 2640 longum.

780 2736 901 2779 SECT.
937 2737 1051 2781 XIII.
1089 2738 1416 2782 Mesocssnrnou.

314 2866 407 2907 159.
444 2865 498 2909 C.
529 2867 818 2911 Verutum
852 2869 997 2924 (Linn.
1021 2873 1187 2914 Amaen.
1212 2871 1284 2925 IV,
1312 2885 1351 2926 p.
1381 2871 1486 2926 292)
1513 2873 1634 2914 caule
1661 2873 1772 2915 elato
1797 2874 1949 2916 stricte

249 2922 397 2965 folioso
434 2925 619 2979 simplici
657 2927 722 2968 vel
759 2929 908 2971 stricte
946 2941 1118 2973 ramoso
1156 2930 1376 2984 ramisque
1414 2930 1494 2973 alis
1529 2931 1725 2984 angustis
1763 2932 1947 2984 integris

248 2983 513 3035 marginatis,
542 2984 653 3027 foliis
677 2985 957 3030 inferioribus
979 2988 1174 3042 oblongis
1197 2989 1664 3043 sinuato-pinnatifidis
1687 2990 1755 3033 vel
1778 2991 1947 3044 lyratis,
