2071 3241
79 224 268 261 Achillea.
813 233 1056 259 composrrAE.
1737 224 1780 259 71

127 304 252 348 Facie,
270 304 448 340 caulibus
467 303 666 349 angulatis
686 304 794 339 canis
814 303 941 339 affinis
956 304 1004 339 A.
1025 303 1222 345 albicaulz',
1242 303 1372 339 differt
1389 303 1576 339 foliorum
1599 313 1780 348 segmen-

78 352 128 388 tis
146 351 276 387 minus
297 351 535 386 distantibus
558 350 771 397 spinulosis
799 362 868 386 nec
886 351 1116 394 inermibus,
1135 350 1327 386 involucri
1347 351 1431 385 cani
1454 361 1521 386 nec
1537 352 1665 396 glabri
1685 350 1782 396 hya-

78 398 149 435 lini
164 397 311 445 phyllis
329 401 485 433 tantum
500 398 650 433 intimis
671 398 780 444 apice
797 398 993 433 scariosis.

138 529 207 570 43.
239 528 289 570 A
339 527 695 582 Talaqonica
726 526 887 581 (Boiss.
916 526 1067 579 Diagn.
1093 526 1186 568 Ser.
1223 526 1252 577 1,
1280 528 1346 579 ll,
1369 541 1409 581 p.
1445 527 1528 580 17),
1558 526 1778 580 pluricau-

79 587 131 630 lis
168 587 365 629 caulibus
408 587 596 628 tenuiter
639 585 819 638 virgatis
859 585 1194 639 adpressissirne
1236 586 1354 627 canis
1391 586 1780 638 angulato-striatis

78 645 360 699 simplicibus,
390 645 504 687 foliis
539 646 750 697 adpresse
774 644 946 686 hirtulis
977 643 1222 686 virentibus
1246 644 1409 686 strictis
1437 648 1620 697 anguste
1648 645 1781 687 linea-

77 704 198 747 ribus
231 704 274 746 in
302 708 523 757 segmenta
565 703 743 746 minima
772 706 1023 745 transverse
1060 703 1284 745 imbricata
1318 703 1588 745 subdislicba
1628 703 1780 745 uriloba

76 763 270 816 margine
295 762 447 804 crebre
485 763 710 817 spinulosa
747 762 1063 816 pinnatisectis,
1092 762 1300 814 corymbo
1329 762 1546 804 terminali
1586 764 1778 804 conserto

77 821 311 875 composito
341 821 636 876 polycephalo,
663 821 920 874 pedunculis
946 821 1135 875 capitulo
1164 833 1298 873 parvo
1331 825 1457 862 ovalo
1490 821 1779 874 sublongiori-

75 878 157 922 bus
182 880 401 933 tenuibus,
430 880 642 922 involucri
668 880 878 933 adpresse
905 879 1004 921 hirti
1032 879 1190 933 phyllis
1215 880 1409 920 externis
1437 880 1778 932 ovato-triangu-

75 938 238 981 laribus
265 939 451 981 inlernis
481 938 676 992 oblongis
700 939 895 990 margine
921 939 1138 990 scariosis‚
1174 937 1318 991 ligulis
1343 938 1467 980 ssavis
1496 939 1666 980 trilobis
1691 939 1778 979 dis—

73 1008 168 1040 cum
198 998 267 1039 vix
285 997 597 1056 excedentibus
631 1004 692 1043 26.

118 1070 219 1105 Hab.
236 1070 278 1105 in
299 1070 497 1116 argillosis
512 1070 562 1105 ad
580 1069 750 1105 Gattade
771 1071 809 1105 in
832 1070 934 1105 valle
950 1069 1127 1113 Talagon
1149 1070 1293 1105 montis
1314 1070 1458 1105 Elbrus
1477 1070 1621 1106 Persius
1641 1071 1777 1105 borea-

73 1116 121 1152 lis
143 1117 233 1162 (Ky.
255 1118 370 1162 5191),
390 1118 439 1153 ad
455 1117 633 1153 Scburab
651 1118 752 1152 inter
768 1117 938 1163 Ispahan
956 1120 993 1153 et
1010 1117 1191 1153 Teheran
1213 1117 1357 1162 (Bgel').

118 1189 258 1224 Affinis
281 1190 328 1224 A.
351 1188 539 1225 albz'caulz'
554 1191 591 1224 et
607 1190 795 1235 confertae
813 1189 943 1224 differt
960 1189 1148 1225 foliorum
1177 1190 1391 1234 segmentis
1411 1189 1572 1225 densius
1595 1189 1773 1224 imbrica-

75 1235 137 1281 tis,
153 1235 386 1283 pedunculis
407 1236 603 1281 tenuibus,
621 1236 804 1283 capitulis
822 1236 961 1272 saltem
980 1236 1103 1283 duplo
1123 1236 1352 1272 minoribus.

128 1369 185 1409 44
247 1367 310 1410 A.
347 1367 620 1422 oxylepis
668 1367 829 1423 (Boiss,
879 1372 922 1410 et
973 1368 1185 1419 llaussk.)
1235 1368 1517 1422 pluricaulis‚
1576 1367 1773 1409 caulibus

68 1427 279 1481 adpresse
303 1427 634 1469 canescentibus
653 1427 1045 1480 angulalo-slriatis
1073 1427 1226 1469 crebre
1250 1431 1292 1469 et
1316 1427 1507 1472 tenuiter
1527 1427 1774 1474 ramulosis,

68 1486 182 1529 foliis
203 1489 384 1538 anguste
413 1486 802 1528 lineari—teretibus
821 1487 865 1527 in
894 1489 1117 1539 segmenta
1143 1486 1322 1527 minima
1346 1490 1599 1528 transversa
1627 1486 1774 1527 imbri-

68 1548 159 1588 cata
183 1544 324 1587 lobata
352 1544 544 1596 margine
570 1544 797 1599 spinulosa
821 1545 1136 1598 pinnatisectis,
1176 1545 1381 1598 corymbo
1409 1544 1648 1598 composito
1673 1556 1772 1585 con—

67 1603 190 1652 ferto,
231 1603 489 1656 pedunculis
524 1603 729 1645 tenuibus
770 1604 956 1657 capitulo
998 1604 1369 1646 ovato-turbulam
1412 1603 1768 1657 subaequilongis,

67 1661 280 1704 involucri
305 1662 514 1715 adpresse
538 1663 640 1704 hirti
666 1663 826 1716 phyllis
853 1663 1044 1716 margine
1067 1663 1271 1705 scariosis
1290 1663 1342 1704 ab
1367 1662 1647 1704 inferioribus
1678 1663 1767 1703 lan-

68 1720 243 1763 ceolatis
267 1721 404 1763 acutis
428 1721 480 1763 ad
506 1721 679 1763 interna
706 1722 887 1775 oblonga
913 1721 1075 1764 sensim
1103 1722 1257 1772 auctis,
1286 1722 1431 1775 ligulis
1450 1721 1576 1762 ssavis
1602 1722 1770 1763 involu-

68 1791 141 1822 cro
168 1779 416 1834 quadruplo
444 1780 722 1822 brevioribus
758 1787 817 1827 ῆι.

113 1852 213 1889 Hab.
234 1854 273 1889 in
289 1853 491 1890 schistosis
509 1854 733 1901 subalpinis
751 1854 895 1889 Persiae
910 1855 1164 1890 occidentalis
1179 1856 1279 1890 inter
1290 1854 1413 1890 Sihna
1427 1856 1463 1890 et
1477 1852 1771 1889 Kermanschah

66 1901 104 1936 et
122 1901 162 1936 in
179 1904 310 1936 monte
333 1901 529 1947 Awiheng
547 1902 812 1937 Kurdistaniae
832 1902 996 1937 Persicae
1014 1902 1238 1947 <Hausskly

117 1965 308 2001 Caulibus
328 1964 685 2010 angulato—striatis
710 1965 839 2000 affinis
864 1965 913 2000 A.
937 1964 1188 2012 Talayom'cae
1217 1966 1349 2001 differt
1375 1965 1557 2012 capitulis
1579 1967 1616 2000 et
1636 1963 1770 2010 ligulis

65 2012 294 2058 majoribus,
312 2012 505 2047 involucri
523 2012 676 2058 phyllis
696 2013 832 2047 acutis.

206 2140 226 2158 ¹*
251 2139 272 2159 ·
297 2141 481 2187 capitula
499 2144 666 2187 anguste
684 2141 1094 2188 oblongo-cylindrica
1114 2142 1336 2188 paucissora.
1357 2141 1491 2177 Flores
1506 2141 1624 2176 aurei.

124 2256 191 2297 45.
226 2254 284 2295 A.
319 2254 601 2310 Aleppica
632 2255 734 2311 [nc.
764 2257 914 2299 Prodr.
943 2256 1034 2309 Vll,
1065 2269 1101 2310 p.
1129 2255 1234 2311 296)
1270 2257 1436 2298 minute
1475 2259 1517 2298 et
1553 2256 1763 2309 adpresse

64 2313 308 2368 pubescens
324 2314 486 2364 virens,
509 2315 706 2357 caulibus
725 2316 848 2358 elatis
866 2316 1031 2358 strialis
1056 2315 1214 2369 saepius
1235 2315 1432 2367 ramosis,
1454 2315 1566 2356 foliis
1585 2318 1766 2368 anguste

63 2372 453 2417 lineari-teretibus
484 2374 693 2426 elongatis
719 2374 927 2416 flexuosis
964 2375 1006 2416 in
1046 2378 1267 2428 segmenta
1298 2373 1476 2415 minima
1511 2378 1764 2416 transversa

64 2432 287 2475 imbricata
325 2433 462 2474 lobata
504 2433 697 2486 margine
741 2433 894 2476 crebre
939 2434 1164 2487 spinulosa
1209 2433 1521 2486 pinnatisectis,
1562 2432 1765 2485 corymbo

63 2491 376 2535 confertissimo
401 2491 679 2545 polycephalo
707 2491 868 2545 saepius
903 2492 1154 2547 composito.
1180 2491 1441 2547 pedunculis
1465 2492 1625 2534 crassis
1652 2491 1764 2545 eapi-

63 2549 154 2592 tulo
175 2551 366 2593 tenuiter
388 2549 831 2604 oblongo—cylindrico
857 2551 1093 2604 paucissoro
1118 2551 1320 2604 angulato
1341 2550 1632 2600 brevioribus,
1651 2550 1767 2591 invo-

63 2605 173 2650 lucri
203 2608 414 2662 adpresse
440 2608 588 2651 hirtuli
624 2609 750 2651 nitidi
777 2610 936 2664 phyllis
965 2609 1095 2653 dorso
1133 2609 1258 2652 valde
1284 2609 1490 2652 convexis
1516 2608 1684 2651 obtusis
1711 2609 1763 2650 ab

62 2664 223 2710 infimis
245 2670 390 2710 ovato-
375 2668 591 2721 -oblongis
615 2668 668 2710 ad
687 2668 856 2711 interna
875 2669 1078 2722 oblongo·
1082 2669 1261 2711 linearia
1279 2667 1432 2719 auctis,
1451 2667 1596 2721 ligulis
1617 2667 1764 2721 paucis

63 2725 206 2768 aureis
240 2725 412 2769 trilobis
446 2726 672 2769 involucro
710 2727 957 2783 quadruplo
1001 2727 1274 2771 brevioribus
1309 2733 1368 2774 26.
1411 2726 1458 2768 A
1485 2726 1764 2778 trilinffltlata

62 2780 237 2827 Schultz
262 2785 356 2839 Bip.
388 2785 432 2828 in
458 2785 538 2839 Ky
563 2796 655 2828 exs.
685 2787 810 2828 1841.

107 2855 206 2892 Hab.
236 2857 276 2892 in
306 2858 423 2894 cultis
444 2858 639 2894 derelictis
669 2860 708 2894 et
739 2859 859 2894 aridis
890 2859 1050 2896 collium
1082 2860 1279 2896 Armeniae
1308 2859 1497 2895 australis
1531 2859 1582 2894 ad
1614 2858 1765 2905 Karput

61 2901 161 2946 (Noe
179 2903 300 2949 8911),
317 2905 584 2941 Palestinaein
605 2906 709 2942 valle
727 2905 889 2942 Arabah
906 2907 1038 2950 (Roth
1053 2907 1146 2952 961),
1165 2907 1305 2942 Libani
1320 2907 1370 2942 ad
1390 2906 1602 2942 Bescherre
1617 2905 1763 2950 (Emi),

59 2947 215 2996 Coelesy
219 2951 286 2987 riae
303 2952 354 2988 ad
372 2952 501 2988 Ouadi
518 2953 621 2998 Medj
626 2953 689 2988 del
709 2953 846 2999 (Ball),
924 2965 992 2990 riae
1013 2953 1064 2989 ad
1082 2954 1235 3008 Aleppo
1253 2954 1395 2998 (Auch.
1417 2953 1528 2990 3294!
1547 2953 1620 2998 Ky.
1643 2952 1763 2996 1691),

60 2961 357 3045 Mesopotamiae
371 2999 422 3036 ad
433 2999 601 3045 Max-din,
607 2964 713 3036 Jinter
709 2956 816 3036 (Orsa
822 2957 868 3037 )et
866 2954 1082 3046 εὲὴαττειη,
1095 3001 1132 3037 in
1156 3001 1310 3037 deserto
1326 3001 1360 3036 ss.
1366 2964 1713 3045 Chabur(Haussk
1725 3002 1763 3043 i),
