2066 3311
73 217 346 254 Taraoeacum.
798 222 1044 249 composrrAE.
1710 213 1783 248 789

68 298 348 342 acutiusculis
386 295 758 349 albo-marginatis
801 307 916 349 saepe
957 295 1249 347 corniculatis,
1291 294 1479 336 internis
1519 294 1778 345 linearibus,

69 357 260 400 flosculis
283 359 412 398 extus
437 355 596 407 lividis,
619 354 810 396 acheniis
827 354 1023 397 obovatis
1047 355 1213 396 striatis
1231 355 1322 396 fere
1340 367 1364 395 a
1383 353 1474 395 basi
1494 354 1614 407 rugis
1634 357 1779 395 trans-

69 416 212 459 versis
231 426 423 468 superne
440 415 483 456 in
502 414 722 456 aculeolos
739 413 950 467 elongatis
970 412 1123 455 obsitis
1142 414 1262 467 apice
1282 414 1325 455 in
1344 412 1615 466 pyramidem
1637 412 1782 455 subito

68 474 299 518 contractis
321 477 466 516 rostro
484 473 606 515 tenui
625 472 804 514 achenio
829 472 1024 525 longiore
1046 473 1267 526 superatis
1296 478 1354 520 256.
1376 471 1629 513 Leontodon
1645 470 1778 512 mini-

68 545 189 575 mum
213 533 326 586 Brig.
356 531 488 585 Stirp.
513 544 599 573 rar.
624 530 790 585 Pempt.
820 531 837 572 Ι
865 530 1045 586 (nomen
1071 531 1295 586 antiquius
1319 531 1397 573 sed
1422 530 1566 572 minus
1590 529 1778 590 aptum).

69 616 123 624 —
151 592 195 634 T.
225 590 552 645 yymnanthum
576 605 603 633 D
622 603 657 632 c.
687 589 841 632 Prodr.
869 614 923 621 -
952 591 986 632 Τ
1022 589 1269 643 hybernum
1294 589 1411 632 Stev.
1440 589 1571 631 Taur.
1601 602 1644 643 p.
1676 589 1778 630 236.

117 676 217 711 Hal).
242 676 282 711 in
313 675 434 710 aridis
466 675 630 710 Graeciae
660 684 780 720 prope
812 674 1040 720 Naupliam,
1066 674 1188 709 Poros
1219 673 1370 718 (Link)‚
1398 673 1535 708 Atticae
1568 683 1591 707 a
1622 673 1781 717 regione

68 723 241 759 inferiori
259 723 307 758 ad
329 723 531 767 regionem
552 723 784 756 montanam
798 721 963 768 (Sprun!
979 721 1118 756 Heldr!
1133 720 1254 767 Orph.
1269 720 1325 756 Fl.
1341 721 1406 756 Gr.
1423 730 1502 756 exs.
1517 720 1562 755 87
1576 722 1614 765 l),
1630 720 1782 765 Byzan·

68 771 113 806 tii
131 770 180 806 ad
194 770 389 816 Therapia
406 769 618 814 (Thuretl),
632 768 787 804 Tauriae
802 768 954 813 (Stev.)‚
969 768 1092 814 Syriae
1108 768 1291 804 littoralis
1306 779 1331 803 a
1344 767 1497 814 Tripoli
1511 767 1562 802 ad
1576 767 1782 813 regionem

70 820 301 854 montanam
320 817 385 862 (131
398 819 423 861 !)
443 819 481 851 et
497 817 607 863 prob.
626 815 715 851 aliis
735 816 931 851 Anatoliae
950 816 1055 852 locis.
1075 816 1130 851 Fl.
1151 815 1254 862 Sept.
1274 816 1375 851 Nov.

118 891 230 926 Facie
257 890 371 926 refert
395 889 436 926 T.
458 889 650 935 officz'nale
676 889 907 935 laevzssqatum
934 888 1003 925 sed
1031 899 1080 924 ex
1108 888 1383 924 botanicorum
1401 887 1570 934 Europae
1590 885 1782 922 australis

71 938 349 974 observatione
368 938 544 984 specifice
575 937 706 972 differt
731 936 946 972 rhizomate
973 936 1168 981 crassiori,
1184 935 1432 971 florescentia
1460 933 1683 970 autumnali
1710 942 1782 968 nec

72 986 237 1030 vernali,
256 985 420 1020 floribus
439 987 531 1020 ante
550 984 645 1019 folia
667 984 930 1029 nascentibus,
952 986 1023 1019 etc.

119 1059 177 1094 Ar.
198 1057 332 1103 Geoqr.
362 1056 496 1092 Gallia
514 1056 713 1099 australis,
730 1055 853 1091 Italia.

440 1184 459 1202 *
485 1192 500 1203 '‘
529 1184 750 1220 Achenium
769 1186 896 1220 rostro
915 1193 986 1219 suo
1006 1183 1212 1219 manifeste
1232 1183 1405 1229 longius.

605 1279 646 1319 -l-
676 1276 862 1323 Capitula
880 1277 1001 1311 ovata
1019 1275 1246 1311 multiflora.

132 1378 171 1418 5.
204 1376 258 1418 T.
292 1373 712 1430 crepidiiorme
745 1374 845 1429 (nc.
875 1374 1030 1416 Prodr.
1057 1375 1150 1426 VII,
1178 1388 1218 1429 p.
1254 1373 1355 1429 149)
1388 1373 1603 1427 glabrum,
1639 1372 1785 1415 radice

72 1435 271 1478 verticali
298 1435 454 1480 valida,
481 1433 588 1476 collo
627 1433 793 1487 vaginis
823 1433 959 1476 fuscis
992 1433 1281 1488 petiolaribus
1310 1433 1408 1486 plus
1437 1432 1581 1474 minus
1610 1432 1786 1483 vestito,

71 1495 185 1536 foliis
204 1493 657 1547 oblongo-lanceolatis
676 1493 770 1534 basi
787 1493 1022 1535 attenuatis
1039 1492 1209 1536 obtusis
1228 1492 1298 1534 vel
1317 1492 1602 1535 acutiusculis
1620 1495 1784 1533 retror-

73 1565 169 1595 sum
192 1564 320 1606 parce
342 1555 385 1594 et
407 1555 568 1594 remote
593 1551 977 1594 sinuato-dentatis
1005 1552 1071 1594 vel
1095 1551 1386 1603 denticulatis,
1412 1551 1554 1604 scapis
1577 1562 1780 1592 monoce-

73 1612 211 1665 phalis
237 1612 335 1654 folia
359 1624 511 1664 parum
538 1611 608 1653 vel
631 1611 763 1664 duplo
790 1611 1116 1664 superantibus,
1141 1611 1341 1664 capitulis
1365 1610 1633 1663 majusculis,
1659 1609 1783 1651 invo-

73 1670 180 1713 lucri
217 1670 356 1723 glabri
384 1670 543 1724 phyllis
577 1670 801 1724 adpressis
835 1670 972 1722 nigris
1007 1670 1378 1723 albo-marginatis
1411 1669 1463 1711 ab
1497 1668 1784 1711 inferioribus

73 1730 418 1783 ovato-oblongis
445 1730 600 1772 obtuse
627 1729 885 1771 acuminatis
909 1729 963 1771 ad
986 1729 1158 1771 interna
1184 1727 1365 1770 linearia
1392 1727 1613 1770 interdum
1641 1727 1782 1770 corni-

73 1789 214 1831 culata
231 1789 379 1838 auctis,
397 1788 587 1830 acheniis
606 1788 1021 1841 lineari-tetragonis
1042 1788 1208 1830 striatis
1228 1799 1420 1841 superne
1439 1787 1633 1830 obsolete
1654 1786 1785 1829 muri-

73 1847 225 1890 culatis
252 1848 296 1890 in
332 1851 524 1889 rostrum
554 1859 752 1889 crassum
786 1847 848 1890 eis
876 1847 1055 1890 brevius
1087 1847 1418 1900 abruptiuscule
1447 1846 1682 1889 attenuatis
1721 1851 1782 1893 26.

72 1905 219 1948 Lcont.
247 1906 426 1959 alpinus
450 1905 566 1948 Stev.
591 1909 633 1948 et
655 1906 756 1948 C.A.
783 1906 890 1960 Mey.
916 1917 969 1948 ex
990 1909 1114 1960 parte
1139 1918 1220 1948 non
1243 1906 1409 1960 Hoppe.
1431 1930 1485 1935 ——
1507 1906 1783 1947 Taraxaemn

71 1965 437 2019 psychrophilum
462 1964 604 2007 Boiss.
630 1965 781 2018 Diagn.
811 1965 904 2008 Ser.
931 1966 963 2016 I.
994 1968 1059 2017 Μ,
1083 1978 1121 2019 p.
1148 1966 1216 2007 48.

121 2048 221 2083 Hab.
239 2049 280 2083 in
299 2048 471 2083 humidis
491 2047 663 2092 regionis
682 2047 826 2094 alpinae
845 2048 894 2083 ad
914 2049 1038 2092 nives,
1056 2048 1211 2083 Taurus
1232 2047 1413 2083 Cilicicus
1432 2047 1484 2082 ad
1502 2047 1629 2082 fontes
1649 2045 1785 2092 Cydni

72 2095 207 2130 Irmak
225 2095 335 2131 Gous
352 2095 442 2140 (ΚΥ.
461 2095 575 2138 3262),
595 2095 783 2130 Armenia
800 2095 963 2131 Turcica
981 2095 1032 2131 acl
1049 2094 1325 2139 Zazalarhane,
1345 2095 1499 2139 (Huetl)
1519 2094 1570 2129 ad
1589 2093 1786 2129 Alischeri

74 2142 191 2177 Khan
210 2142 299 2189 (ΚΥ.
319 2142 458 2189 Suppl.
480 2142 593 2186 6462),
611 2141 720 2188 alpes
746 2142 945 2177 Lazistani
972 2143 1117 2186 (Auch.
1137 2142 1280 2187 35461),
1299 2142 1500 2177 Caucasus
1519 2141 1627 2186 (CA.
1648 2141 1786 2186 Mey.),

75 2189 272 2225 Caucasus
304 2189 507 2225 orientalis
537 2188 602 2224 alt.
628 2188 883 2225 6000’-10‹)00’
912 2190 951 2224 in
979 2190 1194 2225 Salataviae
1213 2192 1346 2225 monte
1374 2188 1536 2234 Chyrki,
1562 2187 1785 2224 Tuschetiae

74 2240 206 2272 monte
224 2237 337 2272 Dano
351 2239 389 2272 et
402 2236 683 2281 Daghestaniae
699 2235 858 2282 alpibus
875 2236 1030 2281 Toltau,
1045 2236 1509 2282 Saridagh,1ndurdagh,
1525 2238 1592 2271 etc.
1609 2235 1735 2281 <Rupr
1746 2237 1785 2278 !),

74 2283 115 2319 in
133 2284 292 2330 alpibus
311 2283 570 2319 Hasartschal
588 2283 733 2319 Persiae
750 2283 922 2319 borealis
940 2284 1031 2330 (Ky.
1047 2284 1166 2329 4902).

121 2354 237 2402 Scapi
254 2355 333 2390 2-4-
365 2355 556 2400 ollicares,
575 2354 793 2400 capitulum
810 2355 957 2402 saepius
975 2366 1020 2391 eo
1040 2355 1079 2392 T.
1096 2355 1299 2401 officinalis
1314 2354 1480 2401 ,qenuz'nz‘
1495 2354 1616 2401 paulo
1636 2354 1784 2389 minus.

74 2401 214 2437 Planta
235 2402 275 2438 T.
294 2412 317 2438 ο
358 2402 480 2438 cinalz'
498 2413 577 2437 var.
598 2401 757 2438 Stevem'
771 2402 889 2438 valde
917 2403 1046 2438 affinis
1064 2406 1102 2438 et
1127 2403 1178 2438 ab
1199 2414 1245 2439 eo
1272 2403 1423 2448 absque
1450 2402 1577 2437 fructu
1606 2402 1673 2436 vix
1704 2401 1783 2436 dis-

77 2449 312 2495 tinguenda3
331 2449 508 2496 specifice
526 2452 658 2485 tamen
686 2449 842 2485 differre
862 2450 1020 2485 videtur
1047 2450 1214 2486 achenio
1232 2449 1416 2485 crassiori
1434 2449 1563 2494 magis
1584 2450 1789 2484 attenuato

75 2496 116 2531 in
135 2499 309 2532 rostrum
326 2507 503 2533 crassum
522 2507 594 2532 nec
613 2498 728 2532 tenue
748 2496 913 2532 achenio
938 2497 1145 2533 manifeste
1168 2497 1328 2532 brevius
1347 2497 1521 2532 abeunti.

135 2629 174 2669 6.
207 2627 261 2670 Τ.
296 2627 732 2682 integriiolium
765 2625 829 2682 (C.
859 2627 978 2669 Koch
1012 2627 1135 2670 Linn.
1169 2627 1330 2677 XXIII,
1361 2640 1400 2681 p.
1431 2626 1538 2682 676)
1571 2627 1786 2679 glabrum,

75 2686 219 2729 radice
252 2689 366 2729 recta
391 2686 654 2729 brevissima
677 2688 875 2729 truncata
910 2686 1003 2729 basi
1028 2687 1162 2728 fibras
1191 2698 1451 2728 numerosas
1477 2687 1648 2737 edente,
1673 2686 1785 2728 foliis

76 2745 257 2798 integris
288 2746 353 2786 vel
388 2745 579 2788 obsolete
606 2750 648 2788 el.
680 2748 846 2788 remote
874 2745 1150 2788 denticulatis
1186 2745 1656 2798 oblongo-spathulatis
1690 2745 1785 2787 basi

76 2803 202 2857 longe
223 2804 472 2858 attenuatis,
495 2804 636 2858 scapis
662 2804 984 2857 monocephalis
1009 2804 1108 2846 folIa
1134 2817 1287 2858 parum
1313 2804 1643 2857 superantibus,
1669 2804 1785 2857 capi-

77 2862 182 2904 tulis
209 2863 515 2913 mediocribus,
542 2863 757 2905 involucri
786 2862 922 2916 glabri
949 2863 1106 2916 phyllis
1130 2863 1355 2917 adpressis
1382 2862 1528 2905 lividis
1552 2862 1785 2904 albo-mar-

76 2920 233 2973 ginatis
258 2922 453 2964 externis
481 2920 677 2974 oblongis
705 2921 860 2974 obtuse
887 2922 1142 2964 acuminatis
1168 2921 1353 2963 internis
1380 2921 1620 2963 linearibus
1650 2921 1787 2974 duplo

75 2979 359 3034 longioribus,
383 2980 573 3023 acheniis
590 2979 746 3023 albidis
768 2980 1142 3023 lineari-obovatis
1160 2980 1425 3034 compressis
1444 2991 1636 3034 superne
1656 2991 1789 3033 parce
