2095 3276
260 209 334 247 326
993 224 1240 251 COMPOSITAE.
1631 215 1941 253 Chamaemelum
1950 244 1959 252 .

406 323 427 342 ²
453 323 472 341 ²
497 323 517 342 *
541 325 796 362 Perennia.—
812 328 956 364 Caules
978 328 1253 376 monocephali
1269 328 1413 364 (rarius
1436 327 1475 365 C.
1500 328 1667 365 oreades
1685 337 1768 363 var.
1785 331 1824 364 et

809 373 848 410 C.
871 375 1127 412 monticolum
1147 375 1444 423 oligocephali).

902 457 944 499 ÷
995 454 1171 490 Achenia
1200 454 1328 491 laevia.

312 528 354 566 C.
375 529 647 577 Caucasieum,
665 534 970 580 97·andzflorum‚
996 534 1179 572 Piehleri.

620 651 661 692 4-
715 652 757 692 4
809 649 983 686 Achenia
1002 650 1119 686 dorso
1144 649 1236 698 plus
1256 650 1387 686 minus
1405 649 1612 697 rugulosa.

311 725 351 762 C.
369 726 561 773 Szovz'tsz'zss
586 728 895 776 Tclzilzatchewz'i‚
915 731 1090 778 oreades,
1110 731 1374 768 montz‘colum.

721 846 763 887 -4-
816 846 859 888 4-
911 846 953 888 -4-
1004 843 1179 879 Achenia
1198 853 1278 880 non
1295 843 1390 879 satis
1407 845 1513 880 nota.

309 918 348 955 C.
367 920 561 966 rosellam,
579 921 931 969 Dayhestam'eum.

1020 1178 1034 1193 ·
1061 1179 1219 1212 Annua.

887 1268 928 1309 4-
980 1264 1166 1311 Capitula
1181 1263 1343 1300 radiata.

328 1364 365 1405 1.
397 1361 496 1406 Ch.
530 1373 771 1418 praecox
802 1363 929 1419 (ΜΒ.
972 1364 1102 1407 Taur.
1142 1363 1266 1406 Cauc.
1306 1362 1361 1416 ΙΙ,
1400 1376 1441 1419 p.
1482 1364 1568 1406 324
1604 1363 1687 1407 sub
1725 1362 1965 1421 Pyretlzro)

263 1434 458 1464 annuum
486 1434 613 1476 parce
639 1422 878 1475 pubescens
904 1425 970 1466 vel
994 1423 1254 1477 glabratum‚
1276 1423 1475 1467 caulibus
1498 1422 1706 1465 brevibus
1730 1423 1968 1466 ascenden-

262 1480 383 1524 tibus
421 1480 796 1535 subsimplicibus,
835 1482 950 1525 foliis
988 1482 1184 1536 oblongis
1221 1482 1266 1525 in
1306 1482 1483 1524 lacinias
1524 1481 1966 1526 filiformi-subulatas

264 1540 425 1583 breves
452 1540 768 1595 pinnatisectis,
790 1541 974 1584 caulinis
996 1541 1224 1584 sessilibus
1248 1541 1340 1584 basi
1366 1542 1520 1584 crebre
1544 1541 1803 1594 lucinulalis‚
1830 1541 1966 1584 ramis

264 1599 589 1653 monocephalis
613 1612 806 1655 superne
832 1600 976 1652 nudis,
1000 1600 1188 1654 capitulo
1213 1601 1394 1651 radiato,
1418 1599 1636 1643 involucri
1656 1599 1819 1654 phyllis
1841 1599 1967 1643 obtu-

266 1657 327 1701 sis
360 1658 556 1710 margine
582 1659 1058 1710 rufescenti-scariosis,
1082 1659 1356 1713 receptaculo
1379 1659 1539 1710 comeo,
1563 1659 1741 1702 achenio
1767 1658 1966 1702 breviter

263 1716 450 1769 oblongo
475 1717 742 1761 subincurvo
775 1718 905 1761 dorso
932 1718 1188 1761 bicostulato
1212 1719 1331 1774 apice
1358 1718 1675 1770 biglanduloso‚
1702 1717 1834 1760 costis
1860 1718 1968 1761 late-

264 1775 433 1818 ralibus
459 1780 502 1819 et
529 1777 717 1819 ventrali
755 1777 915 1820 crassis
950 1777 1209 1832 spong10sis‚
1246 1779 1405 1821 corona
1430 1776 1584 1820 obtuse
1611 1777 1754 1819 lobala
1788 1776 1966 1819 achenio

265 1835 401 1889 duplo
424 1835 491 1878 vel
511 1835 642 1890 triplo
669 1837 870 1879 breviore
897 1840 962 1887 Θ.
990 1835 1251 1878 Matr-icaria
1266 1847 1449 1889 proecooe
1466 1850 1546 1879 nc.
1569 1836 1723 1878 Prodr.
1742 1835 1814 1888 VI,
1833 1848 1872 1889 p.
1893 1836 1962 1878 52.

264 1917 323 1923 —
348 1893 683 1937 Chamoemelum
712 1907 891 1948 proecooe
925 1895 1013 1938 Vis.
1042 1896 1101 1937 Fl.
1140 1895 1279 1938 Dalm.
1306 1895 1360 1948 II,
1393 1908 1435 1950 p.
1459 1897 1527 1938 86.
1558 1919 1610 1926 ·—
1651 1893 1964 1937 Gastrosulum

260 1964 437 2004 proecox
455 1953 550 1996 Sch.
575 1954 670 2009 Bip.
693 1954 797 1998 Tan.
823 1967 862 2009 p.
889 1955 958 1996 30.
982 1977 1037 1986 -
1063 1953 1325 1996 Matricaria
1342 1953 1537 1996 modesta
1554 1953 1692 1997 Boiss.
1711 1954 1756 1995 in
1770 1953 1852 2006 Ky.
1871 1964 1963 1995 exs.

266 2036 322 2042 —
349 2010 578 2054 Anthemis
596 2024 800 2066 pyymaea
821 2012 986 2056 Bertol.
1012 2013 1128 2056 Misc.
1156 2013 1209 2063 ΙΙ.
1234 2027 1273 2067 p.
1300 2013 1406 2056 237!

311 2083 417 2121 Hah.
441 2086 483 2121 in
510 2086 679 2122 collibus
707 2089 745 2123 et
771 2087 886 2123 cultis
904 2087 1099 2123 Anatoliae
1129 2088 1268 2132 (Auch.
1288 2087 1427 2131 47630,
1454 2085 1593 2132 Lydiae
1623 2085 1673 2121 ad
1694 2085 1905 2130 Smyrnam
1929 2087 1968 2122 et

263 2130 450 2178 Phrygiae
467 2133 517 2169 ad
536 2133 700 2170 Ouchak
717 2134 820 2179 (Bal.
837 2134 901 2171 322
920 2138 957 2170 et
973 2134 1115 2180 12782),
1135 2135 1257 2181 Syriae
1276 2134 1326 2170 ad
1344 2134 1498 2181 Aleppo
1517 2133 1610 2180 (ΚΥ.
1632 2133 1676 2168 8ῑ
1698 2135 1736 2168 et
1753 2132 1914 2168 Haussk
1927 2135 1964 2178 l).

262 2178 561 2226 Mesopotamiae
581 2181 631 2216 ad
651 2181 745 2217 Orfa
771 2181 949 2226 (Haussk
962 2183 1000 2227 l),
1018 2192 1130 2229 prov.
1152 2183 1452 2219 Caucasicarum
1474 2180 1609 2226 (MR,
1627 2179 1799 2225 Ledeb.)‚
1819 2180 1963 2216 Persiae

265 2225 347 2262 bor.
366 2227 415 2262 ad
434 2227 614 2263 Teheran
634 2228 761 2275 (Kyl).
782 2229 840 2265 Fl.
862 2229 975 2265 Mart.
993 2231 1087 2276 Apr.

310 2290 469 2338 Insigne
490 2293 663 2329 acheniis
682 2294 799 2330 dorso
818 2294 1018 2331 bicostatis
1040 2305 1110 2331 nec
1128 2295 1310 2331 ecostatis
1334 2294 1397 2330 vel
1415 2296 1522 2330 costa
1549 2292 1783 2328 tenuissima
1809 2291 1960 2328 obsitis.

264 2358 308 2363 —
331 2338 598 2377 chamomilla
626 2341 878 2378 unilateralis
907 2342 947 2377 C.
973 2341 1081 2378 Koch
1112 2341 1227 2378 Linn.
1258 2342 1316 2387 24,
1337 2352 1372 2388 p.
1400 2341 1472 2378 338
1498 2351 1546 2376 ex
1566 2340 1823 2386 descriptione
1845 2338 1961 2375 valde

263 2385 393 2422 affinis
411 2388 490 2422 nisi
507 2388 644 2424 eadem
663 2388 811 2434 planta.

326 2505 364 2546 2.
399 2503 497 2548 Ch.
531 2503 906 2548 lamellatum
943 2503 1064 2559 (Bge.
1096 2504 1160 2547 Pl.
1198 2503 1344 2548 Lehm.
1375 2516 1415 2557 p.
1445 2502 1529 2544 335
1568 2501 1649 2545 sub
1682 2498 1962 2554 Matricarid)

265 2576 461 2606 annuum
499 2575 629 2618 parce
666 2575 913 2618 canescens,
955 2563 1150 2606 caulibus
1185 2562 1396 2605 brevibus
1423 2575 1445 2603 a
1472 2560 1564 2604 basi
1605 2572 1732 2614 parce
1764 2560 1963 2612 ramosis,

264 2622 379 2665 foliis
422 2622 618 2665 carnosis
663 2622 880 2677 petiolalis
919 2623 1128 2677 utrinque
1162 2622 1208 2665 in
1242 2621 1420 2664 lacinias
1448 2621 1522 2662 3-5
1545 2619 1741 2663 breviter
1776 2619 1965 2661 lineares

265 2681 558 2724 acutiusculas
587 2681 903 2736 pinnatisectis‚
931 2682 1063 2723 ramis
1087 2680 1409 2736 monocephalis
1434 2679 1553 2733 apice
1584 2678 1731 2730 nudis,
1759 2676 1961 2731 capitulis

264 2740 557 2783 mediocribus
602 2739 796 2793 radians,
841 2740 1056 2783 involucri
1103 2739 1356 2783 albo-lanati
1404 2737 1564 2793 phyllis
1608 2739 1745 2779 exter.
1787 2735 1964 2777 lineari-

264 2799 461 2853 oblongis
494 2799 660 2842 intimis
691 2799 1089 2853 obovato-oblongis
1115 2797 1317 2842 omnibus
1343 2798 1428 2840 late
1465 2795 1666 2850 liyalinis,
1690 2795 1963 2849 receptaculo

264 2858 631 2909 ovoideo-conico,
655 2858 847 2901 acheniis
871 2857 1147 2901 subcurvalis
1173 2861 1425 2900 transverse
1442 2858 1484 2896 et
1507 2854 1703 2897 seriatim
1725 2853 1965 2895 lamellato-

265 2918 526 2971 squamosis,
543 2919 703 2960 corona
720 2917 875 2970 magna
893 2917 1109 2971 profunde
1132 2916 1381 2959 decemloba
1398 2914 1507 2958 lobis
1529 2912 1786 2955 acuminatis
1806 2912 1963 2954 inciso-

263 2976 453 3019 dentatis
478 2981 543 3028 Θ.
