2066 3296
119 259 324 305 Eclzz'nops.
851 267 1097 295 composrrAE.
1754 262 1826 299 429

118 340 278 395 phyllis
322 341 455 382 18-20
482 339 678 382 externis
714 339 964 392 penicillum
1004 340 1075 382 vix
1110 342 1422 394 superantibus
1462 347 1586 398 parte
1624 344 1822 387 inferiori

119 412 207 442 non
240 399 430 452 pinnatis
458 399 578 453 apice
602 398 1103 452 deltoideo-spathulatis
1131 399 1664 456 denticulato-pectinatis.
1690 404 1823 446 inter-

116 458 271 501 mediis
287 457 748 501 subulam-attenuatis
774 457 974 499 concavis
992 471 1017 501 a
1037 459 1180 501 medio
1207 472 1384 502 sursum
1406 461 1532 514 longe
1556 462 1824 505 ascendenti-

114 516 286 570 cilianus,
311 516 477 559 intimis
499 515 777 559 brevioribus
804 516 943 558 acutis
968 517 1089 571 apice
1113 518 1511 563 fimbriato-cibatis
1534 520 1701 563 inseruae
1724 533 1823 564 con-

115 576 261 629 cretis,
290 576 419 630 pappi
456 575 562 618 setis
598 575 850 617 barbellatis
883 575 1172 630 inaequalibus
1199 577 1252 618 ad
1281 579 1454 620 tertiam
1483 583 1647 632 partem
1683 592 1822 634 usque

115 635 330 677 concretis
353 635 489 677 acutis
517 634 559 675 iu
586 646 788 677 coronam
814 634 1028 686 contiguis
1063 641 1122 682 26.

164 708 265 744 Hah.
286 708 325 743 in
345 708 546 744 montibus
566 708 612 743 ad
633 708 800 743 fluvium
820 707 1057 744 Sarafschan
1076 708 1349 744 Turkestaniae
1367 710 1556 755 (Lehml).

161 770 465 818 sesquipedalis
483 771 577 806 folia
595 771 829 806 intermedia
855 771 918 806 4-ss
939 771 1100 818 pollices
1118 771 1239 817 longa
1266 772 1375 813 2-2¹s2
1398 773 1488 815 lata,
1509 774 1757 810 involuerum
1777 776 1819 811 11

114 818 182 854 lin.
207 818 294 854 circ.
323 817 500 863 longum.
533 818 575 853 In
602 828 719 863 grege
744 817 895 865 phyllis
921 819 1094 854 externis
1116 830 1227 855 secus
1249 822 1399 866 partem
1421 821 1642 857 inferiorem
1666 827 1822 858 tenuem

114 876 193 901 non
211 865 532 912 setoso—pinnatis
554 868 591 901 et
609 866 730 912 pappi
749 866 843 901 setis
862 865 980 901 valde
999 866 1264 913 inaequalibus
1283 867 1479 903 notabilis.

218 991 235 1006 *
263 990 282 1007 *
308 991 504 1027 Involucri
523 991 661 1038 phylla
685 991 823 1028 saltem
847 994 1011 1075 eiltterim}
1028 993 1175 1040 saepius
1196 993 1383 1039 lanatum,
1406 998 1638 1040 tomentoso,
1657 998 1716 1033 vel

837 1050 871 1085 ,g
890 1051 939 1075 an
974 1051 995 1075 u
1016 1050 1094 1075 osa.

179 1141 244 1181 11.
271 1139 325 1181 E.
349 1138 638 1194 spinosus
651 1138 717 1194 (L.
740 1139 867 1182 Mant.
885 1141 986 1195 1119)
1004 1140 1145 1183 elatus
1162 1141 1488 1196 eglandulosus‚
1506 1143 1628 1185 caule-
1651 1157 1820 1187 ramoso

112 1198 401 1252 glabrescenti
423 1211 472 1240 ru
483 1198 591 1241 bello
617 1199 682 1240 vel
703 1210 821 1248 cano,
839 1199 952 1240 foliis
970 1199 1177 1253 utrinque
1201 1201 1267 1242 vel
1287 1200 1444 1243 subtus
1466 1205 1634 1244 tantum
1654 1207 1820 1245 tomen-

112 1258 349 1300 toso-canis
372 1257 673 1311 pinnatisectis
692 1258 926 1311 segmentis
950 1258 1047 1300 aliis
1070 1262 1253 1311 anguste
1280 1259 1707 1303 lineari-lanceolatis
1725 1263 1821 1304 aliis

112 1316 156 1359 in
185 1316 362 1359 lacinias
397 1317 624 1359 subulatas
667 1317 815 1370 longas
855 1317 1048 1371 margine
1082 1318 1306 1361 revolutas
1336 1319 1603 1362 divaricatim
1649 1321 1818 1374 partitis

111 1376 315 1418 omnibus
350 1375 554 1425 acet-osis,
583 1376 783 1430 capitulis
807 1377 985 1429 magnis,
1012 1376 1200 1430 penicilli
1236 1378 1342 1421 setis
1370 1379 1621 1421 numerosis
1652 1380 1818 1422 scabris

114 1434 391 1477 involucrum
416 1434 459 1475 iu
496 1435 695 1489 capitulis
722 1447 806 1476 nou
841 1436 1068 1478 corniferis
1095 1437 1386 1490 aequantibus⁸¹
1419 1438 1634 1480 involucri
1660 1439 1819 1493 phyllis

116 1494 247 1535 18-‘20
282 1493 444 1535 intimis
471 1494 592 1548 apice
617 1494 821 1536 lanatulis
852 1494 1015 1538 minute
1040 1495 1265 1539 delloideis
1294 1496 1584 1548 denticulatis,
1610 1498 1816 1540 interme-

111 1552 193 1594 diis
216 1566 238 1594 a
257 1552 397 1594 medio
415 1553 647 1595 serrulatis
670 1554 1145 1605 attenuato-suluilatis‚
1163 1554 1330 1597 intimis
1348 1556 1515 1599 obtusis
1540 1557 1816 1600 brevioribus

109 1611 153 1653 in
179 1611 329 1653 tubum
360 1625 383 1653 a
406 1611 547 1653 medio
572 1612 797 1654 concretis.
826 1613 953 1667 pappi
989 1614 1094 1655 setis
1123 1614 1333 1666 paleaceis
1366 1615 1616 1657 barbellatis
1641 1616 1692 1656 ad
1731 1621 1817 1658 ter-

109 1670 211 1711 tiam
237 1674 407 1724 partem
432 1671 657 1713 concretis.
684 1670 830 1725 pliyllo
853 1671 1065 1715 alterutro
1088 1673 1379 1726 capitulorum
1409 1676 1690 1728 superiorum
1712 1675 1816 1729 (ste-

107 1728 276 1783 rilium)
315 1729 358 1770 in
385 1742 521 1771 cornu
560 1729 750 1772 validum
788 1731 1079 1783 glomerulum
1119 1731 1244 1774 valde
1285 1745 1500 1785 superaus
1537 1738 1703 1776 mutato
1751 1740 1812 1780 26.

108 1787 164 1831 Ic.
192 1788 252 1830 Fl.
283 1786 417 1829 Graec.
455 1788 539 1831 tali.
571 1789 669 1830 9²24.
699 1813 750 1818 —
779 1788 820 1831 Ε
855 1789 1180 1842 εθΙιίηορΙιονιιε
1210 1790 1348 1833 Boiss.
1380 1792 1529 1845 Diagn.
1564 1794 1657 1834 Ser.
1691 1793 1720 1843 Ι,
1751 1795 1815 1844 10,

154 1920 246 1954 Hah
277 1920 315 1954 in
333 1920 505 1967 AEgypto
524 1920 574 1955 ad
591 1921 873 1956 Alexandriam
890 1922 1096 1967 (Samari),
1115 1922 1153 1957 in
1173 1922 1326 1958 deserto
1346 1924 1447 1958 inter
1467 1924 1654 1959 Ka'niram
1672 1927 1709 1959 et
1720 1923 1815 1959 Suez

107 1967 282 2058 ἓξὲξ-ἒξ
315 1967 445 2003 Boiss!
477 1968 723 2013 Scbvveinflj),
748 1968 786 2003 in
816 1969 949 2004 insula.
968 1969 1099 2016 Cypro
1130 1969 1307 2014 (Silua),
1338 1970 1452 2016 Syria
1478 1971 1563 2007 loco
1583 1982 1661 2007 non
1681 1974 1815 2006 notato

158 2076 326 2122 Insignis
346 2077 450 2113 toliis
469 2078 774 2124 pmenchymate
793 2079 870 2114 fere
893 2079 1090 2115 destitutis
1110 2081 1147 2114 in
1174 2081 1306 2126 spinas
1330 2081 1467 2126 longas
1488 2092 1664 2116 acerosas
1685 2091 1813 2116 ramo-

106 2134 170 2159 sas
192 2125 363 2165 mutatis,
383 2125 565 2171 penicillo
587 2125 719 2171 longo.
735 2126 919 2172 capitula
947 2137 1104 2172 magua.
1125 2127 1329 2162 involucra
1348 2129 1608 2173 capitulorum
1628 2128 1813 2163 fertilium

105 2170 195 2207 8-10
215 2171 340 2207 lineas
360 2171 490 2218 longa,
510 2183 653 2207 cornua
673 2174 897 2209 terminalia
916 2184 1022 2220 saepe
1038 2174 1295 2221 bipolliearia.
1315 2177 1373 2209 An
1392 2176 1523 2222 planta
1544 2176 1812 2210 boreali-Afri-

105 2228 203 2253 cana
222 2218 326 2254 foliis
346 2220 476 2255 minus
494 2220 672 2255 dissectis
690 2220 837 2256 donata
849 2225 1016 2268 etquam
1037 2224 1112 2257 sub
1129 2221 1173 2256 E.
1190 2220 1313 2258 Bovez'
1330 2223 1487 2258 nomine
1504 2223 1665 2258 distinxi
1680 2226 1814 2258 revera

105 2265 283 2347 speci‘ftilce
302 2265 455 2301 differt?
477 2267 594 2313 huJus
613 2277 738 2314 nuper
756 2269 972 2315 specimina
992 2268 1178 2316 penicillo
1197 2272 1239 2304 ut
1256 2269 1295 2304 in
1315 2269 1359 2304 E.
1381 2270 1537 2317 spinoso
1567 2270 1683 2305 valde
1704 2269 1813 2305 elon-

105 2315 196 2358 gato
240 2315 356 2348 onata
376 2314 469 2349 vidi.

171 2436 235 2478 12.
270 2436 313 2478 Ε
359 2436 638 2480 viscosus
670 2438 771 2491 (nc.
811 2439 968 2482 Prodr.
1003 2439 1074 2492 Vl,
1116 2453 1155 2493 p.
1189 2439 1293 2493 525)
1334 2441 1455 2482 caule
1493 2441 1604 2483 elato
1641 2453 1811 2483 ramoso

106 2495 591 2548 glabrescenti-rubello
628 2498 697 2539 vel
735 2509 840 2540 cano
876 2498 980 2541 setis
1018 2499 1167 2541 rubris
1205 2498 1507 2551 glanduliferis
1537 2500 1633 2552 plus
1669 2499 1813 2542 minus

107 2554 293 2607 copiosis
315 2566 486 2608 aspere,
511 2555 624 2597 foliis
648 2569 840 2610 superne
862 2557 1109 2600 virentibus
1131 2558 1197 2599 vel
1217 2559 1547 2600 canescentibus
1570 2558 1675 2601 setis
1695 2559 1814 2610 glan-

108 2612 307 2655 duliferis
332 2612 485 2657 obsitis
508 2614 666 2657 subtus
703 2615 822 2658 canis
849 2616 894 2658 in
921 2616 1097 2660 lacinias
1129 2617 1388 2659 lanceolatas
1417 2617 1582 2660 lobatas
1615 2617 1813 2671 spiuosas

108 2671 317 2724 pinnatim
353 2673 418 2713 vel
458 2672 805 2728 subbipinnatim
843 2676 1015 2729 partitis
1043 2677 1113 2718 vel
1147 2676 1291 2723 sec⁴is,
1317 2676 1517 2730 capitulis
1552 2676 1816 2729 majusculis.

108 2729 296 2784 penicilli
321 2730 537 2774 involucri
560 2733 732 2782 tertiam
760 2734 827 2775 vel
858 2734 1081 2777 dimidiam
1110 2737 1275 2788 partem
1304 2735 1515 2788 aequantis
1543 2735 1647 2777 setis
1672 2735 1813 2787 palea-

108 2788 196 2830 ceis
224 2789 405 2840 scabris,
432 2791 650 2833 involucri
686 2792 849 2846 phyllis
884 2794 1016 2835 20-Ξῖ
1051 2792 1214 2835 infimis
1240 2806 1264 2835 a
1291 2793 1383 2835 basi
1413 2794 1530 2836 tenui
1563 2793 1746 2846 abrupte
1773 2797 1811 2835 et

108 2846 274 2889 minute
310 2848 822 2902 triangulari-deltoideis
857 2864 971 2907 saepe
1010 2856 1265 2894 transverse
1297 2852 1525 2894 latioribus
1553 2852 1716 2904 glabris
1747 2854 1811 2893 vel

108 2905 328 2957 glandulis
355 2908 587 2951 sessilibus
624 2908 792 2959 obsitis,
825 2910 1099 2954 intermediis
1133 2922 1291 2954 versus
1318 2911 1506 2953 medium
1537 2911 1813 2953 denticulatis

110 2967 152 3005 et
168 2966 646 3020 attenuato-subulatis‚
665 2968 829 3012 intimis
854 2983 875 3011 a
896 2973 1017 3023 parte
1035 2969 1175 3012 media
1198 2969 1240 3010 in
1260 2969 1412 3012 tubum
1434 2971 1814 3012 membranaceum

109 3024 322 3067 concretis
363 3025 566 3068 omuibus
602 3028 670 3070 vel
705 3027 848 3070 tribus
886 3027 1166 3071 brevioribus
1198 3028 1366 3071 obtusis
1406 3028 1654 3078 fimbriatis,
1685 3029 1812 3083 pappi
