2126 3246
160 202 328 240 Galium.
921 210 1142 238 RumAcsAE.
1811 210 1859 247 63

159 285 279 338 catis,
301 283 470 326 corollae
490 283 647 337 patulae
662 283 844 326 hirsutae
861 282 1224 326 flavido-rubellae
1240 284 1349 327 lobis
1365 285 1564 339 oblongis
1585 289 1856 343 acuminatis,

158 344 302 386 fructu
326 343 473 396 patule
499 345 540 384 et
563 342 688 394 longe
709 341 879 384 hirsuto
911 348 970 389 236.

206 426 306 461 Hab.
336 426 378 461 in
406 425 606 460 montibus
637 424 799 461 Ghilani
819 425 951 469 (Stev.,
981 426 1106 461 Auch.
1140 426 1235 463 4655
1264 430 1301 463 et
1336 427 1476 473 46561),
1502 429 1543 464 in
1570 430 1674 466 valle
1703 432 1858 469 Sofirucl

158 473 309 518 (Buhse
319 474 355 518 l),
373 472 414 508 in
433 472 580 508 ditione
597 471 767 517 Talysch
786 482 905 518 prope
926 472 1102 508 Massula
1120 473 1270 518 (Buhse
1284 476 1326 519 l).

206 544 405 591 Bipedale‚
430 544 524 579 folia
542 544 698 579 caulina
716 543 921 590 pollicaria
940 546 1017 580 tres
1037 544 1161 580 lineas
1179 545 1270 580 lata.
1298 545 1421 582 Valde
1448 548 1561 584 affine
1590 548 1634 585 G.
1655 550 1860 587 maritimo

161 591 203 674 {a
236 602 261 627 a
289 601 368 674 <guo
400 601 478 626 non
513 591 641 626 differt
674 591 751 626 nisi
782 590 886 626 foliis
915 591 1060 637 ‘2-3-p10
1091 592 1306 638 majoribus
1338 604 1465 640 supra
1500 595 1751 640 glaberrimis
1790 608 1860 634 nec

180 648 294 675 omen
312 648 406 675 Osls.

222 765 292 806 41.
326 762 387 806 G.
421 762 723 808 Sinaicum
755 762 976 817 (Decaisn.
1002 763 1116 805 Flor.
1144 764 1300 807 Sinaic.
1336 779 1377 820 p.
1416 768 1472 808 30
1509 769 1590 810 sub
1625 768 1865 821 Asperulci)

163 824 256 866 basi
281 822 596 864 suffrutescens
619 821 1122 874 cespitoso-multicaule
1150 824 1232 865 sub
1266 825 1381 866 lente
1410 825 1860 882 scabrido-hirtulum,

163 881 358 924 caulibus
390 880 596 923 tenuibus
631 879 991 922 decumbentibus
1018 880 1282 925 abbreviatis
1315 884 1383 925 vel
1413 884 1710 939 subelongatis
1738 892 1861 940 palte

162 939 358 983 inferiori
394 940 528 981 dense
561 938 745 989 foliosis,
773 939 884 981 foliis
917 939 1120 982 omnibus
1154 942 1368 994 oppositis
1401 942 1513 985 binis
1540 945 1676 986 acutis
1704 946 1861 988 subtus

163 999 250 1042 late
274 1000 316 1041 et
342 998 640 1051 prominenter
661 997 861 1039 nervosis
883 997 1044 1040 infimis
1066 999 1527 1052 oblongo-lanceolatis
1556 1004 1860 1056 superioribus

163 1056 417 1110 linearibus,
450 1056 587 1110 cymis
624 1056 734 1098 laxis
759 1056 1006 1110 paucissoris
1038 1057 1291 1101 axillaribus
1326 1060 1524 1102 breviter
1559 1062 1862 1114 pedunrulatis

163 1115 423 1169 pedunculis
460 1118 503 1158 et
536 1114 758 1169 pedicellis
797 1114 1077 1169 capillaribus
1108 1116 1228 1159 hisce
1264 1117 1515 1161 divaricatis
1558 1120 1665 1161 flore
1700 1122 1860 1174 saepius

163 1174 448 1227 longioribus,
479 1173 651 1216 corollae
679 1173 857 1216 minutae
892 1173 1053 1226 glabrae
1086 1175 1262 1218 sordide
1286 1176 1545 1220 latescentis
1572 1182 1723 1221 rotatae
1754 1180 1862 1222 tobis

164 1233 362 1285 oblongis
407 1233 629 1275 trinerviis
683 1232 728 1273 in
774 1243 1029 1275 mucronem
1077 1233 1308 1276 incurvum
1357 1238 1537 1279 tenuem
1584 1237 1863 1287 abeuntibus,

165 1291 359 1334 antheris
385 1292 538 1340 ovatis,
562 1290 710 1334 ovario
739 1290 908 1333 minute
929 1291 1202 1335 tuberculato
1233 1299 1292 1340 ⁴36.

214 1372 314 1407 Hab.
337 1372 379 1407 in
402 1372 552 1408 fissuris
577 1372 757 1418 angustis
777 1371 934 1419 rupium
961 1373 1107 1408 montis
1124 1372 1235 1409 Sinai
1255 1374 1333 1418 (Eh
1345 1375 1461 1410 renbl
1481 1376 1607 1413 Bove!
1629 1378 1753 1413 Auch.
1769 1378 1865 1422 7291,

166 1418 339 1466 Schimp.
359 1419 446 1455 1121
468 1418 627 1464 Boissl).
652 1419 710 1454 ΕΙ.
729 1419 819 1454 Mai.

212 1482 284 1519 Vel
307 1483 587 1519 condensatum
617 1483 902 1530 subpulvinare
932 1482 1052 1518 ramis
1084 1483 1267 1520 floriferis
1295 1485 1607 1532 bipollicaribus,
1634 1488 1698 1523 vel
1728 1488 1864 1524 laxum

166 1531 289 1567 ramis
306 1530 641 1577 6-8-pollicaribus
660 1532 805 1566 remote
823 1530 983 1575 foliosis,
1015 1530 1109 1565 folia
1126 1530 1194 1566 3-4
1208 1531 1334 1568 lineas
1356 1533 1490 1579 longa.
1523 1534 1681 1570 Corolla
1700 1536 1863 1571 omnino

166 1579 294 1613 rotata
314 1577 409 1613 tubo
426 1577 612 1613 destituta
628 1579 666 1613 et
682 1577 769 1613 ideo
789 1576 952 1614 Gacium
969 1587 1040 1612 nec
1058 1577 1269 1624 Asperula.
1291 1580 1353 1615 Ab
1374 1581 1561 1617 omnibus
1581 1583 1866 1628 congeneribus

166 1624 270 1660 foliis
289 1624 392 1660 binis
411 1624 651 1660 distinctum.

226 1751 295 1793 42.
330 1749 391 1793 G.
423 1750 756 1794 serotinum
781 1751 940 1805 (Boiss.
970 1754 1012 1794 et
1044 1751 1194 1794 Heldr.
1228 1752 1379 1807 Diagn.
1419 1753 1511 1796 Ser.
1540 1756 1575 1807 I,
1615 1756 1690 1805 10,
1724 1769 1764 1808 p.
1792 1756 1866 1809 71)

168 1809 478 1864 glaberrimum
512 1810 603 1852 basi
647 1810 975 1855 suffrutescens,
1008 1811 1204 1854 caulibus
1235 1813 1482 1855 numerosis
1526 1814 1864 1855 ascendentibus

168 1869 377 1922 elongatis
402 1868 603 1920 rigidulis
618 1869 810 1911 tenuiter
825 1868 1005 1921 virgatis
1027 1869 1176 1912 stricte
1199 1873 1241 1913 et
1274 1870 1599 1913 subdichotome
1617 1872 1865 1913 ramosissi—

167 1928 264 1979 mis,
288 1927 400 1969 foliis
421 1928 510 1981 Jam
532 1927 613 1970 sub
636 1927 805 1970 anthesi
831 1927 1055 1970 exsiccatis
1078 1929 1387 1982 angustissime
1413 1930 1653 1972 linearibus
1682 1930 1865 1972 lwvibus

169 1986 381 2029 revolutis
405 1985 567 2028 infimis
593 1986 756 2028 4·6-nis
779 1986 946 2028 caeteris
982 1986 1095 2029 binis
1119 1986 1405 2041 brevissimis,
1434 1990 1618 2042 cymufis
1646 1989 1866 2031 3-l-ssoris

170 2044 484 2088 subsessilibus
506 2043 823 2099 sessilibusque
847 2044 1100 2087 axillaribus
1127 2047 1269 2099 spicas
1297 2047 1574 2089 tenuissimas
1599 2048 1718 2089 laxas
1742 2059 1868 2089 secus

169 2116 314 2146 ramos
330 2103 631 2152 formantibus,
650 2103 836 2146 bracteis
859 2103 1051 2146 minimis
1077 2103 1539 2158 oblongo-linearibus,
1568 2107 1742 2148 corollae
1763 2118 1869 2159 pur-

169 2173 318 2216 pureae
359 2162 469 2204 lobis
506 2162 644 2204 ovatis
685 2161 732 2204 in
772 2173 1027 2204 mucronem
1066 2163 1278 2206 inflexum
1321 2164 1583 2207 abeuntibus
1631 2164 1868 2215 trincrviis,

170 2220 364 2264 antheris
391 2220 542 2274 ovatis,
565 2220 713 2263 ovario
741 2221 839 2263 laevi
877 2227 936 2268 26.

171 2293 325 2377 FlHJalz.
337 2294 378 2329 in
391 2294 554 2340 rupibus
574 2293 694 2329 Tauri
711 2294 959 2341 Pamphylici
976 2295 1078 2331 inter
1096 2294 1222 2331 Marla
1240 2298 1279 2332 et
1298 2296 1441 2331 Adalia
1456 2298 1520 2331 alt.
1540 2295 1645 2332 4000'
1665 2295 1815 2340 (Heldr.
1832 2297 1868 2339 l).

222 2369 229 2376 .
271 2351 296 2376 u
316 2350 363 2376 10.

218 2404 361 2440 Caules
385 2405 691 2452 sesquipedales,
713 2405 857 2441 racemi
881 2405 1124 2452 spiciformes
1158 2406 1449 2452 1-2-pollicares
1477 2406 1684 2452 paniculas
1718 2405 1871 2440 strictas

171 2451 400 2497 formantes,
440 2452 552 2488 flores
589 2452 754 2487 dimidio
780 2453 952 2488 minores
985 2453 1040 2488 eis
1076 2452 1121 2489 G.
1152 2453 1355 2500 purpurei.
1387 2454 1547 2489 Snecies
1583 2453 1872 2488 inflorescentia

173 2498 479 2543 distinctissima,
502 2499 676 2546 quodam
701 2499 819 2534 modo
836 2499 1043 2546 Asperulae
1067 2499 1309 2536 chlorantlzce
1326 2500 1468 2544 affinis,
1488 2500 1556 2536 sed
1579 2499 1726 2535 corolla
1745 2502 1873 2535 rotata

172 2545 269 2582 tubo
287 2546 368 2582 fera
383 2546 495 2582 nullo
512 2549 549 2582 et
565 2546 739 2582 antherae
756 2556 836 2581 non
855 2546 1034 2582 lineares.

234 2670 301 2711 43.
335 2669 394 2712 G.
423 2680 794 2725 purpureum
816 2668 883 2724 (L.
908 2669 982 2723 Sp.
1015 2669 1117 2723 136)
1140 2670 1337 2712 caulibus
1360 2671 1607 2712 numerosis
1634 2670 1874 2712 ascenden—

175 2727 292 2770 tibus
319 2728 410 2771 basi
442 2728 853 2771 suffrutescentibus
872 2729 1071 2782 rigidulis
1097 2730 1246 2771 stricte
1267 2728 1627 2771 ramulosissimis
1655 2729 1736 2770 sub
1760 2728 1874 2771 lente

177 2787 416 2841 puberulis,
452 2787 635 2830 ramulis
667 2786 978 2840 foliosissimis,
1010 2788 1122 2830 foliis
1157 2788 1263 2830 8-10
1297 2788 1607 2841 angustissime
1637 2787 1875 2829 linearibus

175 2846 314 2888 acutis
340 2845 578 2899 cuspidatis
604 2846 800 2899 margine
827 2847 1112 2889 subrevoluto
1136 2846 1460 2897 scabriusculis,
1487 2846 1624 2900 cymis
1652 2847 1877 2901 peduncu-

178 2903 275 2946 latis
316 2904 568 2947 axillaribus
607 2904 857 2958 paucissoris
891 2905 1103 2946 soliolosis
1142 2905 1388 2958 paniculam
1437 2905 1605 2958 longam
1649 2906 1877 2957 angustam

179 2962 373 3005 strictam
405 2963 707 3016 formantibus,
746 2963 968 3018 pedicellis
1008 2963 1288 3018 capillaribus
1324 2964 1432 3005 flore
1471 2964 1740 3016 longmribus
1779 2966 1879 3005 ante
