2071 3241
95 207 324 243 Artemzsza.
822 214 1067 240 composrrAE.
1730 211 1802 248 359

142 287 278 322 Variat
307 286 540 333 capitulorm
571 285 857 331 magnitudine,
888 285 1073 321 foliorum
1091 286 1244 321 laciniis
1277 287 1466 324 brevibus
1497 288 1718 326 latiusculis
1737 292 1801 328 vel

100 334 345 369 tenuioribus
380 333 639 378 longioribus.
675 333 772 368 Pace
793 332 838 367 cl.
869 333 957 368 Sch.
986 333 1071 379 ssip.
1104 345 1172 379 qui
1203 334 1304 370 hanc
1333 337 1502 381 speciem
1526 337 1726 374 Tanaeeto
1751 339 1803 375 ob

96 381 347 416 antherarum
368 380 625 427 appendicem
643 379 860 425 oblongam
881 390 949 415 nec
964 380 1435 417 lanceolato-subulatain
1455 383 1689 421 adnumerat
1714 397 1802 421 eam

98 429 147 463 ab
164 425 383 464 Artemisia*
410 427 461 462 ob
479 427 630 471 stylum
649 427 674 461 ss
703 427 790 462 fem.
811 427 927 471 longe
946 429 1145 462 exsertum
1164 429 1404 474 achcniaque
1432 432 1795 479 obovato-oblonga

97 475 240 510 obtusa
256 475 371 511 calva
389 485 468 509 non
487 474 625 509 striata
645 474 875 520 neutiquam
895 474 1181 519 sejungendam
1197 486 1280 511 esse
1301 480 1479 512 autumo.

398 602 416 620 ²
443 601 463 620 *
490 602 672 649 Capitula
693 602 921 648 paniculata
939 603 1003 638 vel
1023 603 1478 649 paniculato-racemosa.

798 686 839 726 -ἧ-
892 683 1099 719 Perennes.

163 783 228 825 19.
262 782 323 825 A.
359 781 678 824 Austriaca
711 781 849 836 (Jacq.
879 781 940 823 Fl.
966 782 1114 825 Austr.
1142 783 1174 837 l,
1197 798 1236 838 p.
1264 787 1333 838 61,
1357 786 1438 827 tab.
1470 789 1570 844 100)
1594 790 1804 844 adpresse

100 844 470 883 tomentoso-cana
496 840 589 882 basi
617 842 946 890 sut't'rutescens‚
974 842 1169 886 cautibus
1194 845 1529 890 ascendentibus
1555 849 1621 890 vel
1646 853 1803 896 erectis

100 901 145 942 in
169 900 411 953 panieutam
433 900 582 942 stricte
609 904 652 940 et
674 903 855 952 anguste
878 900 1193 953 pyramidatznn
1219 903 1499 946 densifloram
1527 907 1803 960 abeuntibus,

101 959 214 1001 foliis
251 958 529 1001 surculorum
567 959 784 1012 petiotatis
822 958 988 1000 ambitu
1022 959 1275 1003 orbiculatis
1314 962 1357 1004 in
1401 964 1577 1008 lacinias
1618 967 1805 1013 lineares

103 1021 252 1060 acutas
277 1018 585 1071 subputmatim
613 1017 957 1071 bipinnatisectis
983 1018 1035 1060 ad
1061 1020 1209 1072 petioli
1238 1020 1357 1063 basin
1383 1025 1652 1078 amictu-dtis,
1675 1029 1807 1070 cauli-

104 1076 171 1119 nis
210 1076 522 1119 subsessithus
557 1076 855 1129 suhdigitatim
893 1077 1081 1131 partitis,
1122 1078 1347 1122 floralibus
1388 1084 1571 1125 suminis
1609 1085 1806 1140 integris,

101 1135 303 1190 capit-ulis
344 1136 772 1188 subgtoboso-ovatis
810 1135 1258 1180 hirsuto-tomentosis
1300 1141 1644 1186 subnutantibus
1679 1157 1806 1189 secus

102 1194 314 1249 panicutae
349 1207 495 1236 ramos
527 1195 684 1237 breves
723 1195 927 1237 confertis
966 1196 1128 1249 parvis,
1164 1197 1379 1241 involucri
1418 1200 1581 1254 phyllis
1612 1206 1806 1248 externis

102 1253 604 1296 lanceolam-linearibus
629 1253 852 1295 herbaceis
880 1253 1244 1298 subbrevioribus
1268 1259 1437 1300 caeteris
1461 1260 1656 1315 oblongis
1681 1264 1807 1307 obtu-

104 1312 164 1354 sis
187 1312 273 1354 late
298 1313 517 1364 scariosis‚
539 1312 733 1355 flosculis
761 1313 1024 1354 tomenteltis
1052 1320 1088 1361 5.
1119 1338 1171 1343 -—
1195 1315 1243 1356 A.
1274 1328 1430 1368 repens
1456 1318 1558 1362 Palt.
1588 1321 1632 1363 in
1655 1323 1804 1365 Wiltd.

104 1370 176 1424 Sp.
203 1371 279 1423 ΙΙΙ,
304 1384 345 1425 p.
382 1372 502 1413 1840.
530 1396 581 1401 -
609 1372 660 1413 A.
687 1370 923 1413 Orientale's
948 1371 1014 1413 W.
1044 1373 1118 1415 loc.
1144 1373 1210 1416 cit.
1240 1388 1277 1428 p.
1310 1377 1432 1418 1836.

149 1443 251 1479 Hal).
273 1444 313 1479 in
331 1444 444 1479 siccis
462 1444 659 1496 Armeniae
680 1444 854 1479 Turcicae
873 1444 923 1479 ad
941 1444 1089 1481 Baibut
1106 1446 1304 1493 (Bourgt),
1324 1451 1362 1484 et
1379 1450 1564 1487 Erzeruin
1583 1455 1748 1500 (Calvi),
1767 1457 1806 1492 in

103 1500 212 1538 prov.
233 1491 370 1526 Musch
392 1491 481 1536 (Ky.
499 1492 565 1527 321
584 1494 625 1535 Β),
645 1491 843 1526 Armeniae
862 1491 1033 1527 Rossicae
1053 1493 1220 1538 (Szovl)‚
1242 1496 1397 1532 Tauriae
1417 1498 1571 1543 ‹StevtL
1591 1501 1757 1539 Caucasi
1771 1510 1809 1540 et

103 1548 212 1619 prov.
242 1539 671 1591 *Transcaucasicarum
708 1538 828 1581 (ΜΒΙ
864 1537 1052 1585 Hohent),
1088 1540 1236 1577 ditione
1271 1543 1444 1589 Talysch
1479 1546 1640 1594 (Hohl),
1676 1551 1809 1588 Persia

131 1585 251 1621 oreali
272 1585 472 1631 (Buhset).
492 1586 547 1621 Fl.
567 1585 642 1621 Jul.
668 1588 767 1631 Aug.

148 1648 210 1683 Ar.
235 1648 370 1693 Geoqr.
398 1648 568 1693 Austria,
590 1650 697 1701 regio
727 1648 978 1693 Danubialis,
1002 1649 1143 1686 Rossia
1161 1651 1292 1687 media
1321 1656 1359 1689 et
1383 1656 1586 1703 australis,
1604 1658 1809 1706 Songaria,

99 1694 243 1730 Sibiria
261 1695 462 1731 Uralensis
484 1697 522 1731 et
538 1695 705 1731 Altaica.

164 1818 232 1860 20.
266 1817 329 1859 A.
359 1818 936 1865 Turczaninowiana
967 1819 1149 1874 (Besser
1173 1821 1324 1865 Abrot.
1354 1837 1394 1878 p.
1425 1826 1492 1875 23,
1519 1828 1602 1870 tab.
1629 1831 1673 1885 Ι)
1697 1834 1806 1875 scri-

103 1888 304 1919 ceo-cana
357 1876 446 1919 basi
493 1877 775 1919 suffr-uticosa
816 1878 1048 1922 dumulosa
1087 1881 1222 1923 ramis
1273 1884 1430 1926 erectis
1477 1885 1522 1927 in
1559 1890 1804 1941 panicutain

104 1934 456 1987 angustissimam
480 1947 747 1977 racemosam
771 1936 1048 1990 abeuntibus,
1075 1939 1189 1982 foliis
1216 1941 1379 1984 ambitu
1403 1947 1805 1994 ovato-orbiculatis

105 1993 264 2047 petioto
287 1993 411 2036 brevi
430 1993 525 2036 basi
547 1995 788 2037 auriculato
804 1996 996 2038 suffultis
1017 1997 1063 2039 in
1086 1998 1263 2041 lacinias
1283 2000 1469 2044 lineares
1496 2004 1587 2046 basi
1611 2011 1808 2053 attenua—

104 2057 170 2094 tas
197 2052 545 2107 bipinnatisectis
573 2054 878 2106 superioribus
912 2055 1228 2100 subsessilibus
1251 2061 1434 2103 summis
1469 2062 1664 2118 integris,
1693 2070 1807 2123 capi»

104 2110 208 2154 tulis
232 2111 526 2153 mediocribus
549 2112 602 2154 ad
625 2125 770 2155 ramos
796 2112 1082 2157 brevissimos
1108 2116 1282 2159 strictos
1317 2121 1478 2162 racemi
1504 2124 1712 2169 solitariis
1740 2130 1806 2170 vel

103 2169 254 2223 paucis
297 2171 492 2212 breviter
537 2170 805 2224 pediceltatis
835 2172 1080 2225 sessilibus,
1114 2174 1331 2218 involucri
1373 2181 1613 2224 tomeutelti
1649 2186 1809 2240 phyllis

104 2228 298 2271 externis
325 2229 804 2283 triangulari—oblongis
827 2230 1051 2275 herbaceis
1078 2234 1244 2276 caeteris
1267 2236 1678 2294 obovato-eltipticis
1695 2259 1811 2288 mar-

101 2287 201 2340 gine
226 2287 453 2330 sublacero
478 2288 697 2341 scariosis‚
722 2289 917 2332 flosculiS
938 2290 1005 2344 (in
1027 2295 1178 2335 nostra
1204 2293 1368 2348 planta)
1391 2297 1543 2350 pilosis
1570 2306 1629 2348 36.

103 2409 119 2450 ί
151 2360 244 2443 Ηῗῇ
280 2360 322 2396 in
354 2361 525 2396 collibus
561 2361 684 2396 aridis
719 2361 945 2408 Affglianiae
983 2375 1104 2411 prope
1139 2365 1269 2402 Kalou
1302 2368 1528 2407 inferiorem
1561 2377 1598 2409 et
1631 2375 1811 2414 Akrobat

123 2408 192 2443 (iti
259 2409 286 2452 J.
791 2415 798 2421 ·

151 2470 292 2506 Planta
307 2474 439 2506 nostra
454 2471 737 2524 speci-minibus
756 2472 981 2518 Songaricis
1001 2475 1144 2510 similis
1160 2486 1183 2510 a
1201 2476 1377 2514 Sibiricis
1396 2481 1569 2518 flosculis
1589 2485 1727 2530 pilosis
1741 2499 1810 2525 nec

105 2517 255 2562 glabris
282 2517 419 2553 differt.
454 2518 609 2564 Species
638 2519 765 2554 affinis
790 2519 838 2555 A.
859 2520 1087 2558 Austrz'acce
1116 2524 1185 2558 sed
1209 2524 1357 2560 inferne
1391 2529 1518 2574 magis
1550 2532 1809 2581 suffruticosa‚

106 2564 258 2618 laciniae
277 2564 460 2618 foliorum
476 2565 679 2618 pauc-iores
697 2565 912 2611 etlatiores,
921 2569 1104 2614 panicula
1118 2572 1322 2616 angustior
1340 2574 1622 2625 oligocephala‚
1638 2583 1810 2628 capitula

105 2611 307 2647 evidenter
325 2622 400 2658 nia,¹
407 2611 740 2658 ora.pedicellata.

168 2734 236 2775 21.
270 2733 335 2777 A.
361 2733 609 2777 Pontica
631 2734 708 2785 (L.
750 2735 822 2790 Sp.
856 2736 989 2791 1187)
1015 2739 1214 2782 caulibus
1240 2741 1461 2787 herbaceis
1490 2747 1670 2800 virgatis
1692 2763 1811 2796 erec·

110 2792 163 2834 tis
185 2791 319 2834 dense
345 2792 511 2834 foliosis
536 2792 581 2834 in
604 2794 850 2847 panicutam
872 2796 1064 2838 strictam
1089 2797 1370 2842 densissorain
1397 2804 1673 2857 abeuntibus,
1698 2810 1812 2854 foliis

108 2862 243 2903 supra
264 2850 639 2903 glabr-escentibus
671 2852 828 2895 subtus
863 2855 980 2896 canis
1017 2856 1180 2899 ambitu
1217 2858 1414 2910 oblongis
1437 2862 1529 2905 basi
1556 2867 1812 2913 auriculatis

109 2909 153 2951 in
178 2909 354 2952 lacinias
384 2910 572 2952 tenuiter
598 2913 640 2953 et
662 2910 857 2954 breviter
882 2913 1068 2956 lineares
1092 2915 1307 2959 consertas
1336 2919 1613 2974 divergentes
1627 2932 1811 2979 anguste

109 2968 395 3011 decurrentes
417 2967 766 3022 bipinnatisectis
794 2972 1098 3025 superioribus
1116 2974 1357 3030 scssffitms,
1370 2978 1594 3026 floralibus
1613 2983 1813 3040 integris,

1552 3054 1600 3092 2⁴
