2066 3311
103 194 432 232 Rhododendron.
841 204 1059 231 ammonae.
1732 196 1802 232 971

148 275 252 310 Hab.
273 275 314 310 in
333 275 460 310 Attica
474 277 512 310 et
527 274 714 321 Argolide
734 285 780 310 ex
799 275 925 311 Smith
944 275 1075 311 Prodr.
1096 275 1122 317 1,
1145 286 1183 321 p.
1204 275 1275 311 236
1294 275 1360 311 sed
1383 285 1429 311 ex
1448 276 1601 311 Graecia
1624 276 1803 311 nondum

101 322 193 357 vidi.
214 323 275 357 An
294 332 339 357 ex
358 322 585 358 confusione
603 333 692 358 cum
713 321 757 357 E.
778 320 1015 359 vertz'cillatd
1033 323 1203 358 indicata
1216 324 1232 357 ⁸?

147 394 207 430 Ar.
229 393 361 439 Geoqr.
389 393 583 441 Hispania
614 394 827 438 orientalis,
853 394 987 431 Gallia.
1018 394 1202 430 australis
1237 396 1274 430 in
1310 394 1644 441 Galloprovincia,
1675 394 1787 430 ltalia

99 440 241 485 Sicilia,
261 441 476 486 Dalmatia,
495 441 624 477 Africa
640 441 821 477 borealis.

149 513 233 549 obs.
259 513 302 548 E.
322 523 471 550 carnea
490 513 530 549 L.
557 514 597 550 in
629 513 755 550 Smith
792 514 921 550 Prodr.
947 515 984 549 in
1015 515 1167 550 Graecia
1193 514 1340 561 ubique
1378 514 1556 560 vulgaris
1595 514 1805 550 indicatur·

100 560 166 596 sed
195 562 298 596 certo
325 561 466 596 certius
494 562 670 606 erronee3
702 561 784 597 liaec
808 562 957 608 species
987 562 1092 598 ultra
1120 562 1362 597 Dalmatiam
1394 572 1469 597 non
1494 563 1702 597 observata
1727 562 1805 596 fuit

103 608 142 643 in
165 611 243 653 qua
260 619 413 654 semper
432 609 567 655 alpina
589 613 655 644 est.

247 779 321 822 Ta.
367 780 440 822 lv.
489 779 978 823 RHODODENDREAE
1016 781 1212 827 (Maxim.
1254 781 1391 824 Rhod.
1436 795 1476 836 p.
1522 784 1559 823 2.
1606 805 1657 811 -

747 839 986 882 Rlcodoreoe
1020 841 1149 895 Don).

162 974 348 1018 Fructus
390 975 631 1029 capsularis
675 975 883 1030 septicide
929 976 1156 1019 dehiscens
1205 978 1519 1032 dissepimento
1567 977 1798 1031 duplicato.

104 1033 272 1077 Corolia
297 1034 489 1077 decidua.

235 1195 642 1244 RHODODENBRON
681 1197 741 1244 (L.
778 1198 876 1244 Gen.
930 1197 1132 1310 N⁰t562
1171 1226 1228 1231 ——
1257 1198 1446 1245 Azalecz.
1484 1197 1533 1245 L.
1574 1198 1668 1245 212

822 1277 874 1309 ex
903 1277 993 1324 par
1018 1274 1078 1319 e).

162 1393 293 1447 Calyx
332 1395 430 1448 plus
463 1396 608 1437 miuus
645 1395 872 1437 manifeste
914 1396 1165 1438 5-dentatus
1202 1396 1267 1437 vel
1305 1396 1502 1450 partitus.
1539 1395 1708 1438 Corolia
1735 1397 1798 1449 (in

103 1454 283 1508 uostris)
311 1454 1052 1508 campanulato-inl‘undibulii‘ormis
1078 1454 1208 1497 limbo
1237 1455 1553 1507 subii-regulari
1583 1455 1798 1510 quinque-

100 1513 200 1556 fido.
226 1512 416 1556 Stamina
436 1516 459 1555 5
487 1516 550 1556 vel
586 1515 635 1555 10
657 1524 771 1567 saepe
795 1514 1229 1564 declinata.antlie1·ae
1252 1514 1370 1568 apice
1389 1514 1618 1567 biporosae.
1649 1513 1799 1567 Stylus

100 1573 263 1626 saepius
300 1574 537 1626 elongatus.
575 1574 728 1627 stigma
773 1574 1002 1628 capitatum
1030 1574 1283 1616 lobulatuin.
1308 1572 1491 1626 Capsula
1523 1572 1587 1627 (in
1615 1573 1798 1629 nostris)

99 1631 288 1674 coriacea
327 1633 746 1686 quinqueloeularis:
768 1631 943 1675 Semina
979 1645 1210 1675 numerosa
1248 1633 1519 1675 scobiformia
1560 1635 1669 1675 testa
1706 1634 1797 1674 laxa

99 1691 443 1745 appendiculam.

99 1839 219 1883 SECT.
252 1839 281 1880 1.
313 1840 717 1883 Euunononeunaou
747 1841 915 1883 Maxim.
945 1843 1020 1884 loc.
1047 1841 1115 1884 cii.
1144 1855 1183 1896 p.
1221 1843 1268 1882 19
1308 1841 1499 1884 —Folia
1516 1843 1794 1896 persistentia

692 1901 896 1944 coriacea.
923 1900 1115 1944 Stamina
1142 1902 1202 1942 10.

160 2039 197 2080 1.
225 2036 288 2079 R.
315 2035 627 2079 Ponticum
651 2036 714 2088 (L.
742 2035 813 2090 Sp.
844 2036 949 2090 5602)
977 2036 1233 2078 fruticosum
1260 2037 1422 2078 elatum
1447 2036 1662 2088 strictum,
1681 2036 1793 2079 foliis

96 2095 304 2140 coriaceis
348 2095 685 2149 persistentibus
724 2094 885 2149 glabris
931 2095 1387 2148 oblongo-lanceolatis
1428 2096 1563 2138 acutis
1602 2095 1796 2149 margine

97 2156 308 2199 revolutis
334 2155 422 2197 basi
452 2158 672 2197 attenuata
700 2155 893 2197 breviter
921 2155 1135 2209 peliolatis
1167 2154 1323 2198 subtus
1362 2154 1432 2196 vix
1469 2154 1790 2209 pallidioribus,

96 2216 267 2269 gemina
298 2215 489 2260 florifera
520 2214 735 2256 terminali
771 2214 1071 2257 strobilil'ormi
1098 2216 1223 2256 ovata
1251 2214 1434 2256 bracteis
1462 2215 1599 2257 ovatis
1627 2214 1794 2265 cibatis,

95 2273 289 2328 corymbi
333 2274 556 2317 multiflori
594 2274 659 2316 axi
709 2272 975 2326 abbreviata,
1011 2273 1267 2328 pedunculis
1311 2272 1600 2327 glaberrimis.
1638 2273 1795 2326 calycis

96 2333 252 2376 minuti
298 2333 549 2386 glaberrimi
593 2333 849 2376 disciformis
893 2333 1097 2376 dentibus
1136 2333 1424 2375 brevissimis
1449 2332 1792 2386 triangularibus

95 2392 249 2442 acutis.⁴
273 2393 447 2436 corolla
482 2392 782 2446 campanulata
815 2392 1252 2445 violaceo-purpurea
1290 2392 1332 2433 in
1368 2394 1391 2433 5
1431 2392 1551 2434 lobos
1587 2391 1793 2444 oblongos

96 2455 293 2506 patentes
325 2451 427 2494 fissa
464 2451 581 2493 intus
618 2451 752 2494 latere
790 2451 983 2494 inieriori
1020 2463 1147 2506 parce
1185 2451 1413 2505 papillosa,
1450 2450 1709 2493 staminibus
1743 2451 1793 2491 10

96 2510 328 2553 filamentis
349 2510 574 2553 declinatis
596 2510 1000 2565 papillosiS.ova1-io
1016 2510 1180 2564 glabro,
1203 2510 1380 2564 capsula
1404 2510 1641 2564 cylindrica
1667 2510 1795 2564 quin-

95 2569 364 2624 queloculari
386 2576 423 2617 5.
454 2569 506 2611 lc.
535 2569 643 2611 Pall.
674 2569 735 2611 Fl.
762 2570 889 2612 Ross.
918 2569 1004 2612 tab.
1032 2570 1099 2611 ⁰29.

143 2651 244 2686 Hab.
264 2652 304 2686 in
323 2651 491 2687 collibus
512 2652 682 2698 regionis
701 2654 900 2688 montanae
919 2655 957 2688 et
975 2652 1196 2699 subalpinae
1218 2653 1337 2688 totius
1363 2652 1557 2688 Anatoiiae
1581 2652 1753 2688 borealis
1771 2661 1795 2686 a

94 2698 285 2743 Bithynia
303 2699 352 2734 ad
372 2699 573 2745 Sabandia
590 2703 628 2735 et
647 2700 748 2735 inter
770 2700 1038 2735 Nicomediam
1060 2704 1097 2736 et
1118 2700 1218 2735 Bolu
1246 2700 1423 2744 (Grisebl
1444 2700 1592 2745 Wiedl)
1618 2699 1666 2735 ad
1693 2699 1795 2735 Pon-

93 2748 177 2781 tum
196 2745 367 2792 [Boni-gl
387 2746 506 2792 Bali),
525 2746 753 2783 Colchidem
783 2749 820 2782 et
846 2746 1066 2783 Imeretiam
1096 2748 1261 2791 gNordm
1277 2750 1314 2791 ll,
1333 2748 1560 2782 Armeniam
1589 2746 1793 2783 Turcicam

91 2793 478 2876 lagogadffiesMrppontis
501 2793 739 2830 Karakaban
758 2793 903 2840 (Huetl
922 2794 1050 2830 Tchih
1065 2797 1101 2840 Ι),
1120 2795 1287 2831 [beriam
1304 2794 1432 2838 (M.ssi
1450 2794 1551 2831 Szov
1565 2797 1590 2839 l)
1611 2795 1676 2830 alt.
1694 2794 1792 2830 500·-

123 2915 195 3015 biss.
230 2913 593 2969 braclzycarpnm.
638 2938 694 2948 —
736 2916 853 2958 Folia
893 2917 1059 2959 minora
1100 2916 1296 2970 oblonga,
1329 2916 1502 2971 capsula
1542 2917 1795 2961 abbreviata

91 2985 117 3015 o
168 2987 289 3028 onga.
