2090 3291
229 240 300 277 680
961 244 1204 270 composmAE.
1690 233 1930 274 Centaurea.

789 364 912 407 Scor.
950 363 1002 404 X.
1038 362 1358 406 Caoconvmun.

296 493 389 534 149.
422 490 474 534 C.
493 487 910 542 Crocodylium
935 486 1002 541 (L.
1028 486 1099 541 Sp.
1136 487 1265 540 1299)
1283 499 1413 541 parce
1437 490 1479 529 et
1500 487 1695 530 breviter
1723 489 1934 542 papillosa

233 550 400 600 viridis,
429 550 549 592 caule
581 547 731 599 gracili
768 546 934 599 virgato
967 557 1159 599 superne
1196 547 1345 588 stricte
1372 549 1414 588 et
1441 557 1568 600 parce
1598 558 1766 589 ramoso
1800 548 1933 590 ramis

231 609 441 662 elongatis
479 607 608 650 nudis
648 605 983 658 monocephalis,
1017 604 1131 647 foliis
1166 604 1445 648 inferioribus
1479 605 1696 659 petiolatis
1732 606 1934 649 indivisis

233 668 371 711 ovatis
409 667 474 708 vel
514 665 711 718 oblongis
746 667 820 706 aut
856 664 1018 718 saepius
1057 664 1209 716 lyratis
1245 667 1467 716 segmento
1498 663 1714 705 terminali
1750 664 1933 717 oblongo

233 726 483 769 lateralibus
511 725 720 777 utrinque
749 723 818 764 1-3
846 723 993 776 parvis
1020 722 1212 764 breviter
1239 722 1488 765 lanceolatis
1514 722 1715 765 omnibus
1736 722 1933 776 integris,

232 785 343 828 foliis
365 784 668 838 superioribus
693 782 922 824 sessilibus
944 782 987 823 in
1012 781 1185 823 lacinias
1202 792 1361 834 paucas
1379 785 1562 834 anguste
1580 781 1766 823 lineares
1783 782 1936 835 pinua-

233 842 452 897 tipartitis,
468 842 667 896 capitulis
696 841 948 894 majusculis
977 838 1334 893 liemispliaericis,
1365 840 1579 882 involucri
1613 840 1772 893 phyllis
1800 841 1934 883 fuscis

232 901 484 944 membrana
511 903 663 942 tenera
688 899 981 952 albo-hyalina
1005 899 1158 941 obtuse
1186 898 1450 940 denticulata
1482 898 1734 952 marginatis
1763 899 1935 941 orbicu-

230 961 328 1003 latis
354 961 419 1002 vel
444 960 583 1002 ovatis
602 959 770 1001 obtusis
794 959 835 1000 in
861 958 1031 1011 spinam
1055 957 1293 1011 simplicem
1322 957 1573 1000 intimorum
1596 957 1776 999 brevem
1800 958 1936 1001 inter-

230 1019 472 1062 mediorum
490 1023 677 1061 erectam
703 1021 876 1060 tenuem
897 1017 1142 1059 subulatam
1165 1016 1312 1071 phyllo
1333 1017 1571 1070 longiorem
1595 1016 1800 1059 flosculos
1820 1028 1935 1071 saepe

230 1082 474 1132 aequantem
514 1077 791 1129 abeuntibus,
834 1076 1027 1118 flosculis
1067 1075 1205 1118 roseis
1246 1074 1561 1128 marginalibus
1599 1076 1768 1118 neutris
1809 1077 1938 1118 valde

229 1136 514 1187 radiantibus,
534 1136 725 1179 acheniis
751 1135 890 1177 ovatis
911 1135 1175 1189 compressis
1204 1134 1414 1188 adpresse
1442 1133 1641 1188 hispidis,
1669 1135 1797 1189 pappi
1822 1135 1936 1177 serie

230 1196 489 1238 intermedia
514 1195 691 1238 achenio
715 1194 847 1247 duplo
871 1193 1080 1246 longiore,
1108 1194 1281 1236 interna
1304 1193 1482 1235 aclienio
1510 1193 1712 1235 breviore
1737 1194 1937 1247 paleacea

236 1258 298 1305 Θ.
328 1254 382 1295 Ic.
410 1254 575 1296 Barrel.
606 1255 705 1295 503.

278 1328 379 1364 Hab.
398 1329 439 1364 in
457 1329 570 1374 Syria
588 1328 780 1373 (Barrel.)‚
800 1327 969 1364 collibus
989 1328 1037 1363 ad
1056 1328 1262 1375 planitiem
1274 1327 1490 1364 Esdrae'lon
1512 1328 1829 1373 Galileae2(Boiss
1842 1330 1879 1374 l),
1897 1329 1937 1364 in

232 1376 346 1411 Creta
363 1376 458 1411 olim
476 1376 645 1412 indicata
664 1375 733 1411 sed
751 1386 876 1422 nuper
897 1385 972 1411 -ron
991 1375 1100 1412 lecta.
1119 1375 1220 1411 Flor.
1240 1375 1329 1411 Mai.

290 1441 333 1494 β.
358 1441 714 1496 crocodylioides.
745 1464 798 1471 ——
825 1440 1078 1495 Phyllorum
1107 1442 1361 1484 membrana
1397 1441 1438 1482 in
1476 1441 1570 1483 cilia
1602 1441 1696 1483 alba
1730 1441 1940 1495 utrinque

228 1500 388 1613 {713}
408 1501 532 1543 basin
556 1513 694 1554 usque
716 1500 951 1554 partita.——
967 1500 1007 1543 C.
1022 1499 1363 1554 crocodylioides
1380 1499 1516 1543 Boiss.
1534 1500 1686 1553 Diagn.
1705 1499 1800 1542 Ser.
1817 1500 1853 1551 I,
1869 1501 1940 1553 10,

278 1625 378 1660 Hab.
401 1626 441 1660 in
460 1625 624 1672 planitie
640 1625 857 1661 Esdraelon
878 1625 1012 1661 formae
1031 1625 1174 1672 typicae
1195 1626 1420 1661 commixta.

278 1688 432 1735 Species
467 1688 633 1736 pulchra
663 1688 899 1735 edi-pedalis
930 1688 1103 1724 flosculis
1132 1688 1379 1723 radiantibus
1411 1687 1718 1733 elegantissima.
1759 1687 1939 1724 Varietas

231 1738 372 1782 praeter
399 1736 628 1782 phyllorum
653 1736 929 1771 membranam
955 1746 1034 1771 non
1061 1736 1275 1771 indivisam
1298 1735 1366 1771 sed
1391 1735 1431 1771 in
1456 1735 1548 1770 cilia
1572 1735 1691 1780 longa
1711 1735 1938 1781 pectinatim

229 1784 414 1829 partitam
432 1784 619 1819 omnibus
642 1784 747 1819 notis
767 1784 904 1818 formae
924 1783 1064 1829 typicae
1084 1783 1227 1818 similis
1249 1787 1316 1825 est,
1337 1783 1564 1818 inanitatem
1587 1782 1805 1818 sectionum
1826 1782 1939 1818 invo-

228 1830 325 1866 lucri
344 1831 606 1877 appendicum
625 1830 918 1866 characteribus
938 1830 1190 1865 suffultarnm
1213 1830 1502 1866 demonstrans.

291 1947 384 1988 150.
420 1946 476 1991 C.
513 1946 906 2001 heterocarpa
928 1945 1088 2000 (Boiss.
1113 1949 1154 1988 et
1182 1944 1330 1999 Gaill.)
1356 1958 1513 1996 annua,
1542 1945 1940 1999 papilloso-pubes-

229 2017 346 2058 cens,
369 2006 491 2048 caule
514 2017 663 2048 crasso
686 2018 709 2046 a
732 2005 823 2047 basi
843 2004 1085 2047 dichotome
1104 2008 1147 2046 et
1165 2005 1359 2047 breviter
1377 2016 1563 2056 ramoso,
1588 2004 1698 2046 foliis
1718 2004 1940 2057 subpetio-

229 2065 329 2106 latis
355 2064 398 2105 in
437 2068 659 2118 segmenta
693 2064 875 2117 oblonga
907 2063 1224 2118 piniiatisectis,
1253 2075 1460 2118 supremo
1493 2063 1938 2116 oblongo-lanceolam

229 2123 499 2176 subintegro,
517 2123 716 2177 capitulis
741 2123 1034 2165 mediocribus
1061 2123 1256 2165 breviter
1281 2122 1588 2176 pedunculatis
1614 2121 1939 2173 ovato-conicis,

228 2183 445 2224 involucri
466 2183 604 2236 glabri
624 2182 784 2236 phyllis
801 2182 1005 2224 coriaceis
1023 2181 1196 2224 flavidis
1211 2182 1361 2224 nitidis
1385 2181 1638 2224 membrana
1653 2180 1937 2233 integerrima

228 2243 412 2294 angusta
438 2242 612 2295 hyalina
647 2241 908 2283 decurrente
936 2240 1192 2294 marginatis
1227 2241 1396 2283 obtusis
1429 2241 1555 2294 spina
1591 2241 1709 2282 recta
1743 2240 1805 2282 eis
1838 2239 1938 2281 bre-

228 2300 350 2342 viore
381 2301 600 2354 superatis
635 2300 687 2341 ab
720 2300 884 2342 infimis
913 2300 1258 2353 triangularibus
1300 2299 1398 2341 dein
1435 2299 1573 2341 ovatis
1611 2298 1663 2340 ad
1704 2298 1936 2353 superiora

228 2359 411 2412 oblonga
438 2360 647 2413 elongatis
670 2359 836 2401 intimis
865 2358 1103 2401 linearibus
1126 2359 1317 2410 muticis,
1356 2358 1551 2401 flosculis
1578 2357 1936 2400 subradiantibus

229 2429 251 2459 e
277 2418 387 2461 sicco
411 2418 568 2471 pallide
589 2417 773 2469 carne1s,
793 2417 983 2460 acheniis
1007 2418 1174 2460 villosis
1198 2417 1322 2459 valde
1348 2416 1635 2459 dissimilibus
1660 2415 1770 2459 radii
1793 2415 1937 2457 minu-

229 2477 284 2519 tis
302 2489 443 2530 pappo
459 2476 721 2519 brevissimo
736 2478 934 2530 paleaceo
953 2476 1083 2519 seriei
1100 2477 1285 2519 internae
1299 2476 1650 2527 coronatis,disci
1668 2474 1933 2530 compressis

228 2536 366 2588 nigris
401 2548 541 2591 pappo
578 2535 739 2590 duplici
775 2539 957 2577 externo
988 2535 1126 2588 rigido
1162 2536 1342 2578 achenio
1384 2535 1733 2588 sesquilongiore
1759 2534 1935 2576 interno

227 2594 404 2637 achenio
423 2594 710 2637 subbreviore
730 2595 866 2648 paleis
884 2594 980 2637 iatis
999 2593 1238 2637 linearibus
1261 2593 1597 2637 conniventibus
1619 2595 1843 2636 constante
1865 2596 1929 2642 Θ.

274 2667 374 2703 Hab.
394 2668 433 2703 in
448 2668 564 2704 cultis
576 2668 625 2704 ad
638 2671 805 2714 septent.
820 2667 1069 2713 Merdjaioun
1082 2667 1311 2713 (Djedaide)
1323 2666 1543 2703 Antilibani
1555 2666 1690 2711 (Gaill.
1699 2676 1779 2702 exs.
1795 2665 1933 2710 24221).

272 2731 475 2778 Specimen
495 2732 656 2767 unicum
675 2732 757 2767 vidi
775 2732 814 2767 bi
847 2731 1007 2767 ollicare
1026 2732 1265 2776 (monstrose
1277 2733 1320 2776 ?),
1339 2731 1445 2767 foliis
1466 2730 1651 2777 pollicem
1668 2729 1811 2775 longis,
1828 2728 1933 2775 capi-

228 2778 322 2813 tulis
340 2779 465 2814 forma
479 2779 790 2815 Mz'crolonclmm
836 2778 1099 2815 almantz'eum
1117 2778 1375 2814 referentibus
1390 2778 1458 2813 sed
1472 2777 1644 2824 spinosis
1664 2780 1700 2812 et
1726 2776 1932 2812 submino-

227 2824 347 2861 ribus.
374 2826 548 2861 Achenia
574 2827 809 2872 marginalia
827 2825 941 2861 effeta
959 2825 1252 2871 subcylindrica
1276 2825 1423 2861 lineam
1454 2824 1575 2870 longa
1598 2834 1727 2871 pappo
1759 2822 1932 2869 simplici

229 2871 414 2917 paleaceo
438 2873 553 2909 lineae
575 2875 615 2917 Ὗ.
638 2873 769 2919 longo,
793 2873 979 2909 interiora
1000 2873 1023 2909 2
1045 2872 1170 2908 lineas
1193 2872 1315 2918 longa
1332 2872 1414 2908 lata
1431 2882 1651 2919 compressa
1672 2880 1803 2918 pappo
1828 2873 1933 2906 exte—

227 2919 321 2954 riori
334 2920 461 2964 rigido
478 2920 680 2956 multiseto
691 2921 829 2956 scabro
842 2923 919 2955 tres
935 2920 1061 2956 lineas
1072 2919 1204 2965 long0.
1219 2919 1439 2955 Umbilicus
1454 2918 1605 2965 pilosus
1616 2918 1732 2954 valde
1747 2917 1931 2953 lateralis.

227 2965 351 3011 Palepi
378 2966 597 3003 charactere
630 2967 850 3004 Centaurea
879 2977 972 3003 vera
1002 2966 1070 3002 sed
1099 2967 1307 3002 involucro
1341 2970 1378 3002 et
1402 2967 1528 3013 paleis
1555 2965 1718 3001 internis
1745 2964 1808 3000 8-9
1835 2964 1930 3000 latis

231 3014 438 3048 *ransitum
457 3014 507 3049 ad
525 3014 836 3050 Microlonchum
851 3017 888 3050 et
905 3013 1169 3050 Amberboam
1184 3013 1379 3061 praebens.
