2095 3276
260 203 331 241 270
983 213 1230 240 composrrAE.
1765 208 1942 245 Achillea
1951 236 1960 244 .

262 288 416 331 silibus
455 287 811 342 hemispliaericis,
854 287 1072 329 involucri
1103 299 1232 342 parce
1270 288 1375 331 hirti
1415 287 1576 342 phyllis
1617 289 1784 333 obtusis
1809 291 1968 332 eximie

259 347 656 399 fusco-marginatis
689 347 741 388 ab
777 345 941 388 infimis
983 347 1403 400 triangulari-ovans
1446 348 1499 390 ad
1533 348 1744 391 interiora
1781 350 1966 403 oblonga

259 406 420 448 sensiin
448 406 602 458 auctis,
625 405 768 457 ligulis
791 406 865 446 6-8
881 404 990 447 albis
1011 405 1182 448 trilobis
1206 406 1376 448 discum
1404 406 1477 448 vix
1500 407 1812 461 superantibus
1836 415 1895 457 3⁶.

305 479 406 514 Hab.
427 479 467 513 in
495 479 652 524 regione
682 478 818 525 alpina
838 479 983 514 montis
1004 478 1237 515 Demavend
1254 479 1396 516 Persiae
1426 480 1510 515 bor.
1530 480 1804 519 11000’42000’
1819 483 1963 529 (Auch.

257 526 381 571 47051,
401 526 476 571 Ky.
496 528 567 561 608
581 528 600 570 l,
620 526 754 562 Buhse
769 528 809 571 !).

258 590 465 673 ACaulesh
476 590 782 673 3t-4-pollicareS‚
813 589 908 625 folia
929 590 995 625 4-5
1020 589 1090 625 lin.
1123 588 1246 636 longa
1262 589 1410 625 lineam
1426 590 1504 625 fere
1517 589 1610 635 lata,
1628 592 1802 638 capitula
1828 602 1960 639 magn.

303 664 310 671 .
332 648 441 673 mosv
470 648 495 673 a
515 648 555 673 σε.

640 779 682 819 -4-
711 778 753 819 -4-
781 775 926 811 caules
944 774 1310 821 angulaio-sulcati.
1327 775 1465 812 Flores
1482 775 1592 812 lutei.

321 886 389 926 41.
424 884 486 926 A.
517 883 833 927 albicaulis
861 882 992 938 (CA.
1023 881 1132 936 Mey.
1154 884 1308 926 Enum.
1334 897 1374 939 p.
1409 883 1498 937 76)
1523 896 1547 927 e
1569 884 1806 927 rhizomate
1838 885 1969 929 indu-

259 947 352 987 rato
371 943 644 998 pluricaulis,
660 942 858 985 caulibus
877 943 995 986 canis
1020 942 1425 995 augutam-sulcatis
1443 942 1591 996 rigidis
1614 943 1739 986 elatis
1758 945 1969 999 simplici·

257 1003 339 1046 bus
368 1002 434 1044 vcl
473 1003 623 1044 stricte
662 1002 846 1044 ramosis
890 1006 1055 1045 remote
1089 1001 1268 1056 foliosis,
1305 1002 1418 1044 foliis
1449 1001 1758 1055 glabriusculis
1799 1002 1966 1047 ambitu

257 1065 440 1115 anguste
470 1061 708 1103 linearibus
736 1061 782 1102 in
817 1064 1041 1114 segmenta
1067 1060 1233 1103 minuta
1267 1061 1732 1104 lineari—teretiuscula
1761 1062 1967 1106 distantia

257 1120 476 1174 tripartita
505 1120 661 1163 obtusa
701 1119 1093 1173 calloso-apiculam
1122 1120 1419 1173 pinnatisectis
1444 1120 1513 1163 vel
1540 1120 1727 1175 partitis,
1765 1121 1964 1177 superio·

257 1192 354 1222 rum
373 1180 610 1232 segmenfis
627 1178 893 1222 abbreviatis
913 1178 1248 1222 dentiformibus
1272 1179 1473 1222 indivisis
1489 1179 1804 1233 approximatis
1822 1185 1966 1224 trans-

258 1238 416 1288 versis,
444 1238 651 1291 corymbo
679 1239 918 1292 composito
945 1239 1151 1285 conferto,
1179 1238 1439 1291 pedunculis
1462 1238 1652 1292 capitulo
1678 1243 1806 1281 ovato
1833 1240 1970 1293 aequi·

257 1297 397 1351 longis
428 1298 496 1339 vel
540 1297 832 1349 brevioribus,
874 1297 1088 1340 involucri
1126 1295 1411 1350 glabriusculi
1447 1297 1571 1339 nitidi
1608 1297 1768 1352 phyllis
1802 1302 1965 1351 praetcr

257 1356 407 1398 infima
445 1356 706 1399 brevissime
730 1356 1014 1409 triangularia
1039 1356 1177 1399 ovatis
1201 1360 1243 1399 et
1266 1356 1464 1408 oblongis
1495 1355 1578 1399 late
1606 1356 1967 1409 hyalino-scario—

258 1415 337 1465 sis,
367 1416 511 1467 ligulis
539 1415 663 1457 ssavis
690 1415 862 1458 trilobis
897 1415 1067 1458 discum
1097 1415 1171 1457 vix
1202 1415 1525 1458 excedentibus.
1559 1421 1618 1463 26.
1648 1416 1698 1457 A.
1725 1414 1966 1468 tenuisotia

256 1474 372 1516 Lam.
402 1474 509 1517 Dict.
536 1475 567 1526 Ι,
591 1487 630 1528 p.
661 1475 714 1515 926
742 1473 920 1528 (nomen
946 1473 1170 1529 antiquius
1194 1474 1271 1517 sed
1298 1474 1604 1529 improprium,
1624 1474 1723 1517 solia
1737 1474 1853 1517 enini
1878 1475 1968 1518 affi-

256 1533 387 1575 nibus
413 1534 562 1576 latiora
593 1533 730 1585 sunt),
746 1537 787 1575 et
813 1532 881 1575 W.
907 1533 978 1587 Sp.
1000 1534 1074 1586 ΙΙΙ,
1096 1547 1137 1588 p.
1167 1534 1281 1576 2199
1304 1536 1346 1576 et
1364 1532 1491 1575 lierbl

304 1606 405 1642 Hah.
424 1608 464 1642 in
496 1606 619 1642 aridis
643 1605 833 1653 lapidosis
863 1607 1064 1642 montenis
1090 1607 1250 1642 ditionis
1274 1606 1446 1652 Talysch
1470 1605 1700 1643 3000’-0000’
1720 1605 1831 1650 (CA.
1849 1605 1966 1653 Meyl

255 1653 394 1698 Hohl),
411 1655 607 1689 Armeniae
627 1654 799 1689 Rossicae
816 1654 867 1690 ad
886 1654 1180 1690 Nachitchevan
1209 1656 1247 1690 et
1265 1664 1372 1701 prov.
1392 1653 1637 1700 Aderbidjan
1656 1653 1799 1689 Persiae
1823 1653 1964 1699 (Szovl

255 1700 434 1746 Buhsei)‚
465 1701 505 1736 in
536 1704 667 1737 monte
692 1700 836 1737 Elbrus
864 1711 985 1748 prope
1015 1701 1197 1737 Derbend
1225 1701 1329 1747 (ΚΥ,
1350 1700 1470 1745 4131),
1490 1701 1529 1736 in
1550 1701 1677 1737 vineis
1696 1710 1817 1748 prope
1833 1700 1960 1737 Silina

254 1747 522 1783 Kurdistaniae
537 1748 702 1784 Persicae
720 1752 758 1783 et
777 1749 876 1784 inter
893 1749 1072 1785 Teheran
1092 1753 1130 1784 et
1146 1749 1317 1795 Ispahan
1335 1747 1565 1793 (Hausskl).

300 1821 514 1868 Bipedalis‚
535 1821 631 1857 folia
659 1821 857 1857 interdum
875 1822 893 1857 1
913 1822 1233 1867 ¹s2·2-pollicaria,
1252 1823 1457 1868 segmenta
1476 1821 1705 1858 inferiorum
1718 1820 1868 1858 lineam
1886 1825 1956 1858 aut

253 1868 534 1923 sesquilineam
566 1869 705 1923 longa..
731 1868 1284 1923 Facies-Santolz'noiziiearum
1312 1879 1336 1922 a
1358 1869 1504 1923 quibus
1531 1868 1746 1923 segmentis
1777 1869 1965 1906 foliorum

254 1915 359 1952 foliis
377 1917 545 1952 summis
557 1918 728 1964 exceptis
747 1918 907 1953 remotis
925 1927 993 1953 nec
1019 1918 1123 1953 arcte
1138 1916 1355 1952 imbricatis
1375 1916 1629 1962 dignoscitur.

315 2039 384 2081 42.
420 2040 482 2082 A.
520 2039 789 2084 conferta
814 2040 931 2096 (nc.
969 2040 1125 2084 Prodr.
1159 2040 1230 2090 VI,
1254 2053 1293 2095 p.
1323 2039 1416 2093 32)
1440 2051 1465 2082 e
1490 2039 1728 2083 rhizomate
1754 2039 1964 2084 indurato

254 2098 526 2154 pluricaulis,
540 2099 738 2142 caulibus
755 2099 966 2154 :idpresse
981 2099 1100 2142 canis
1118 2099 1522 2153 angulato·sulcatis
1538 2098 1662 2142 elatis
1685 2097 1837 2153 rigidis
1859 2099 1962 2142 sim-

254 2157 440 2213 plicibus
461 2158 524 2200 vel
552 2158 713 2212 saepius
737 2159 885 2202 stricte
910 2162 953 2201 et
979 2158 1103 2212 longe
1127 2158 1374 2209 ramulosis,
1397 2158 1510 2201 foliis
1536 2157 1746 2213 adpresse
1768 2157 1965 2213 puberu-

255 2216 307 2258 lis
339 2217 580 2259 virentibus
617 2221 800 2270 anguste
839 2217 1077 2262 linearibus
1118 2218 1368 2272 pectinatim
1395 2216 1693 2271 pinnatisectis
1725 2218 1965 2271 segmentis

254 2275 405 2330 parvis
418 2275 772 2320 subtransversis
794 2276 1108 2331 approximatis
1132 2277 1208 2319 sed
1235 2280 1402 2320 tantum
1419 2276 1474 2319 ad
1495 2275 1596 2321 folia
1616 2275 1788 2330 juniora
1806 2275 1964 2319 imbri-

255 2334 360 2377 catis
394 2335 629 2389 tripartitis
664 2336 775 2378 lobis
811 2337 1006 2380 obovatis
1044 2337 1236 2390 margine
1273 2333 1697 2389 calloso-spinulosis
1741 2334 1962 2379 terminali

256 2394 434 2447 majore,
449 2394 655 2446 corymbo
674 2395 910 2449 composito
923 2395 1129 2440 conserto.
1148 2394 1408 2449 pedunculis
1431 2394 1590 2437 crassis
1605 2393 1795 2448 capitulo
1813 2396 1962 2438 ovato·

254 2452 476 2494 turbinato
521 2454 820 2507 brevioribus,
859 2453 1074 2497 involucri
1115 2454 1325 2508 adpresse
1369 2452 1638 2496 canescentia
1679 2451 1843 2507 phyllis
1883 2451 1962 2496 inf.

253 2510 673 2564 triangulari-ovans
712 2512 1025 2557 obtusiusculis
1069 2512 1235 2556 intimis
1270 2512 1467 2566 oblongis
1504 2511 1699 2566 margine
1740 2510 1963 2562 saniosis,

254 2567 400 2622 ligulis
427 2570 553 2613 ssavis
575 2571 747 2615 trilobis
768 2571 938 2616 discum
960 2573 1034 2616 vix
1056 2571 1370 2615 excedentibus
1402 2576 1440 2618 Ψ
1453 2604 1461 2612 .

301 2643 402 2678 Hah.
423 2643 461 2678 in
480 2645 681 2681 sterilibus
700 2649 737 2682 et
752 2646 916 2683 desertis
935 2646 1233 2693 Mesopotamiae
1248 2645 1372 2691 (Oliv.
1391 2649 1430 2682 et
1446 2644 1554 2691 Brug
1567 2645 1607 2688 l),
1618 2644 1658 2680 in
1677 2644 1833 2681 deserto
1850 2653 1966 2680 mon·

254 2690 303 2726 tis
321 2689 489 2737 Sindjar,
509 2692 557 2727 ad
588 2693 680 2729 ssuv.
701 2693 862 2730 Chabur
880 2697 918 2730 et
935 2694 985 2729 ad
1000 2693 1161 2730 Kerkuk
1176 2692 1410 2738 (Hausski),
1429 2693 1468 2728 in
1487 2690 1903 2736 Persia-austro-oceid.
1923 2691 1962 2726 in

253 2739 462 2785 gypsaceis
482 2739 530 2775 ad
550 2740 793 2777 Debidescht
810 2745 847 2777 et
863 2741 963 2777 inter
979 2741 1128 2787 Seytun
1150 2743 1188 2776 et
1205 2740 1395 2777 Bebehan
1413 2738 1593 2785 (Haussk
1607 2740 1646 2785 i).

312 2812 356 2866 β.
392 2811 655 2867 Lycaonica.
680 2840 735 2845 —
754 2815 1086 2869 Segmentorum
1106 2815 1228 2858 lobiis
1247 2814 1451 2869 superior
1469 2813 1636 2866 longior
1653 2813 1820 2856 acutior
1839 2810 1963 2867 apice

254 2871 427 2925 longius
451 2873 715 2927 spinulosus.
745 2899 799 2904 —
824 2874 874 2916 A.
904 2874 1154 2928 Lycaom'ca
1175 2874 1315 2916 Boiss.
1351 2872 1503 2927 Diagn.
1531 2871 1625 2916 Ser.
1651 2870 1683 2923 Ι,
1710 2872 1779 2925 11,
1811 2883 1855 2926 p.
1892 2870 1962 2913 17.

302 2944 403 2981 Hah.
420 2945 457 2981 in
479 2945 645 2982 collibus
673 2946 802 2992 Lyciae
827 2947 877 2983 ad
906 2947 1063 2983 Elmalu
1084 2945 1478 2994 (Bourgl)‚1sauriae
1495 2945 1548 2983 ad
1565 2944 1716 2984 mdloes
1747 2942 1963 2988 Karadagh

253 2990 444 3038 (Heldr!)‚
462 2994 502 3029 in
524 2993 748 3040 subalpinis
767 2995 817 3031 ad
835 2994 949 3030 Sivas
963 2996 1065 3039 (Noe
1082 2995 1220 3041 10501).
