2090 3291
237 213 311 249 532
971 215 1214 241 composrrAE
1754 202 1940 240 Cirsium.

303 312 332 336 ε.
360 289 738 342 inici-acephalum.
760 313 813 318 ——
833 287 1029 342 Capitula
1049 299 1282 330 numerosa
1300 287 1535 340 composite
1558 296 1784 329 racemosa
1803 285 1947 328 miuus

240 363 471 402 araneosa3
507 348 670 391 accedit
705 347 759 390 ad
794 347 833 390 C.
859 346 1015 399 fallax
1050 346 1128 388 sed
1167 346 1313 388 differt
1349 346 1534 388 bracteis
1569 344 1724 390 validis
1759 344 1947 398 capitulo

240 408 512 463 longioribus
536 410 578 450 et
600 407 848 461 phyllorum
877 405 1002 460 spina
1029 406 1240 458 elongata.

289 482 394 518 Hab.
415 482 454 517 in
473 481 633 526 regione
654 479 855 525 superiore
877 478 1024 514 montis
1042 480 1215 514 Anemas
1236 478 1444 524 Lycaoniae
1467 478 1509 512 in
1526 477 1721 513 consortio
1740 477 1948 512 varietatis

242 529 269 577 β
297 528 485 574 4Heldrl)‚
513 529 552 563 in
576 529 708 562 monte
726 526 900 571 Alidagh
919 525 1178 572 Cappadociae
1199 525 1305 561 460o’
1330 525 1419 568 (Bal
1433 527 1471 570 l),
1489 535 1609 572 prope
1626 524 1755 559 Tokat
1773 523 1947 568 (Wiedi).

300 608 334 654 ζ.
359 599 717 653 ίωισοῑτερὴαίιωη.
739 623 797 630 -
812 599 1009 653 Capiti-ila
1022 599 1217 642 solitaria
1236 599 1301 641 vel
1324 600 1424 642 bina
1444 599 1636 642 breviter
1656 599 1948 653 pedunculala

240 662 285 704 in
314 672 534 703 racemum
556 658 794 712 simplicem
822 659 995 712 longum
1020 660 1314 712 interruptum
1345 658 1552 712 disposita
1578 657 1641 700 eis
1670 671 1758 700 var.
1786 657 1947 700 micro-

239 719 429 772 cephaloe
457 718 627 766 simili&
651 718 727 760 sed
759 729 956 760 racemus
989 717 1174 770 simplex
1207 721 1249 759 et
1283 718 1467 760 bracteae
1500 717 1689 759 minores
1716 717 1945 760 involucro

243 779 470 821 brevIores
489 778 557 819 vel
581 777 726 818 rarius
748 777 1016 830 aequilongae.
1040 800 1091 805 —
1114 775 1268 818 Caicus
1292 775 1618 828 lezivceocepleazus
1643 775 1709 818 W.
1736 775 1807 829 Sp.
1835 775 1948 818 ’1668

241 842 285 880 et
312 837 457 879 lierb.!
485 836 588 878 exel.
618 835 822 877 Touruet'.
855 835 958 889 Syn.

287 912 388 947 Hah.
409 912 449 946 in
469 912 582 946 Creta
601 912 664 956 (ex
683 909 739 945 W.
759 909 854 945 herb
864 911 882 954 !‚
903 920 925 944 a
943 908 1222 944 recentioribus
1244 919 1319 944 non
1339 908 1509 953 lectum)

288 975 443 1022 Species
462 973 707 1017 indumento,
731 972 839 1009 toliis
865 973 955 1020 plus
980 973 1112 1009 minus
1132 973 1248 1018 longe
1266 973 1452 1020 spinosis,
1476 974 1555 1017 ete,
1580 974 1757 1019 varians;
1778 973 1952 1020 capitula

242 1023 281 1058 in
302 1023 430 1058 forma
448 1021 580 1069 typica
596 1031 735 1057 nucem
755 1021 963 1067 aequantia,
980 1021 1020 1055 in
1040 1031 1124 1056 var.
1146 1018 1438 1067 mz'crocephald
1453 1019 1646 1060 avellanae
1665 1020 1949 1067 magnitudine.

305 1153 373 1195 20.
404 1151 444 1196 C
497 1150 916 1204 macrobotrys
953 1148 1018 1205 (G.
1047 1150 1164 1193 Koch
1194 1149 1318 1192 Liun.
1348 1148 1507 1203 XXIV,
1535 1162 1573 1203 p.
1604 1149 1688 1192 399
1712 1149 1795 1192 sub
1821 1148 1952 1192 Erio-

245 1209 406 1264 lepide)
441 1209 563 1252 caule
596 1221 744 1252 crasso
776 1209 887 1252 elato
919 1221 1025 1251 cano
1059 1208 1244 1262 simplici
1278 1209 1432 1251 crebre
1467 1208 1617 1251 folioso
1653 1208 1697 1251 in
1732 1221 1950 1252 racemum

244 1269 492 1323 simplicem
525 1268 724 1321 abeunte,
758 1268 872 1310 foliis
904 1268 1211 1311 coriacissimis
1243 1280 1378 1322 supra
1414 1267 1540 1310 valde
1568 1268 1768 1321 strigosis
1794 1268 1952 1312 subtus

249 1329 384 1371 dense
426 1327 545 1371 canis
592 1328 636 1369 in
677 1326 853 1369 lacinias
899 1325 1460 1381 triangulari-lanceolatas
1505 1327 1551 1369 in
1599 1327 1749 1381 spinas
1792 1327 1956 1372 validas

246 1389 460 1430 abeuntes
485 1385 756 1440 pinnatifidis
782 1385 1186 1440 amplexicaulibus‚
1204 1385 1407 1440 capitulis
1432 1385 1724 1429 mediocribus
1746 1386 1790 1428 in
1811 1386 1954 1430 axillis

245 1447 450 1489 foliorum
471 1445 752 1500 superiorum
776 1445 1008 1488 sessilibus
1031 1444 1239 1488 solitariis
1259 1445 1465 1488 confertis
1489 1444 1628 1500 spinis
1652 1445 1812 1488 crassis
1833 1445 1955 1488 folio-

249 1518 350 1547 rum
390 1504 610 1547 floralium
648 1503 868 1558 superatis
905 1504 1109 1557 globosis,
1140 1503 1353 1547 involucri
1399 1504 1560 1558 phyllis
1598 1507 1721 1559 parte
1756 1504 1955 1548 inferiori

244 1564 522 1617 glaberrimis
559 1562 809 1606 lanceolatis
846 1563 1051 1606 carinatis
1086 1565 1211 1618 parte
1251 1563 1469 1617 superiori
1507 1564 1550 1605 in
1588 1563 1793 1617 cuspides
1827 1564 1954 1616 longe

246 1622 474 1665 subulatas
488 1622 681 1664 inermes
700 1634 908 1665 recurvas
929 1622 1030 1665 villo
1048 1634 1266 1665 connexas
1285 1622 1562 1676 abeuntibus,
1581 1621 1862 1666 inferioribus
1880 1624 1955 1666 vix

247 1681 527 1724 brevioribus
561 1687 619 1729 26.

297 1754 401 1790 Hab.
421 1754 461 1789 in
482 1754 641 1800 regione
659 1754 870 1801 subalpina
890 1754 1088 1790 Armeniae
1108 1753 1294 1790 australis
1313 1753 1487 1790 Turcicae
1505 1754 1555 1790 ad
1575 1754 1742 1801 Chynys
1761 1757 1798 1790 et
1816 1754 1955 1791 Goksu

249 1802 305 1846 i-C.
329 1801 483 1847 Koch!)‚
503 1802 543 1837 in
562 1801 666 1836 valle
687 1802 891 1847 Gumgum
909 1801 1012 1838 4500'
1031 1800 1122 1847 (ΚΥ.
1139 1801 1219 1836 410!
1240 1801 1316 1837 sub
1338 1800 1376 1837 C.
1395 1801 1626 1848 racemoso).

294 1864 476 1910 Orgyale,
506 1865 676 1911 capitula
700 1866 862 1910 magnit.
882 1864 1004 1900 nucis.
1020 1863 1177 1911 Species
1197 1863 1347 1911 phyllis
1367 1868 1475 1911 parte
1498 1866 1680 1901 inferiore
1701 1864 1953 1910 glaberrimis

246 1912 446 1958 superiore
465 1912 587 1947 dense
606 1912 891 1954 arachnoideiS,
907 1912 1079 1948 externis
1097 1911 1163 1947 vix
1182 1911 1433 1948 brevioribus
1451 1923 1474 1947 a
1494 1911 1531 1948 C.
1553 1912 1743 1949 tenuilobo
1757 1915 1795 1948 et
1812 1912 1850 1949 C.
1866 1912 1954 1960 lap—

245 1969 368 2005 paceo
389 1970 468 1994 var.
488 1963 702 1995 tomentoso
725 1960 787 1995 cui
807 1958 1037 1995 indumento
1057 1959 1184 2005 magis
1205 1960 1351 1995 accedit
1370 1959 1679 1996 distinctissima.

314 2094 381 2134 21.
413 2092 469 2136 C.
501 2092 884 2137 bracteosum
912 2093 1011 2145 (uc.
1043 2093 1193 2135 Prodr.
1222 2091 1294 2141 Vi,
1319 2106 1356 2146 p.
1384 2093 1489 2148 641)
1513 2096 1674 2148 praeter
1698 2093 1796 2136 folia
1821 2106 1957 2148 supra

247 2152 434 2205 strigosa
471 2151 670 2205 glabrum
712 2152 868 2207 pallide
908 2153 1070 2201 virens,
1105 2153 1225 2194 caule
1263 2152 1802 2205 paniculato-corymboso,
1838 2154 1952 2196 foliis

247 2210 751 2265 semianiplexicaulibus
786 2211 993 2254 coriaceis
1026 2210 1273 2254 lanceolatis
1303 2211 1572 2265 piunalilidis
1608 2211 1772 2254 laciniis
1802 2224 1955 2255 nume-

250 2270 363 2312 rosis
411 2270 953 2323 triangulari-lanceolati„
998 2270 1040 2311 in
1088 2270 1237 2323 spinas
1280 2269 1461 2313 ssavidas
1501 2270 1647 2324 longas
1692 2271 1954 2315 attenuatis.

244 2328 447 2381 capitulis
465 2328 721 2372 axillas-ibus
745 2331 786 2371 et
802 2328 1107 2372 terminalibus
1131 2329 1321 2382 globosis
1348 2329 1579 2372 sessilibus
1594 2329 1708 2372 foliis
1728 2329 1954 2374 floralibus

244 2387 299 2429 ad
334 2388 482 2442 spinas
511 2400 706 2430 ramosas
735 2388 954 2441 elongatas
983 2387 1174 2431 reductis
1204 2401 1252 2429 ea
1281 2387 1444 2443 saepius
1476 2388 1600 2442 longe
1639 2388 1953 2442 superantibus

249 2446 493 2499 hracteatis,
510 2447 722 2490 involucri
746 2447 903 2501 phyllis
921 2446 1071 2489 nitidis
1088 2446 1282 2489 breviter
1298 2445 1549 2489 lanceolatis
1572 2446 1726 2490 obtuse
1749 2447 1954 2490 carinatis

245 2506 288 2547 in
319 2506 488 2559 spinam
514 2507 816 2550 tenuissimam
845 2507 907 2548 eis
934 2505 1178 2548 breviorem
1210 2506 1370 2560 saepius
1400 2505 1497 2559 plus
1527 2505 1728 2548 minusve
1751 2510 1953 2549 curvato-

251 2564 441 2618 patulam
480 2559 623 2608 r'arius
663 2565 916 2619 adpressam
949 2565 1226 2617 abeuntibus,
1259 2565 1389 2619 pappi
1424 2564 1530 2606 setis
1562 2564 1800 2619 majoribus
1834 2565 1954 2619 apice

244 2623 476 2667 clavulatis
518 2630 577 2672 36.
613 2623 652 2666 C.
684 2623 928 2677 strigosum
965 2637 1043 2667 uc.
1084 2623 1239 2667 Prodr.
1278 2623 1419 2678 quoad
1459 2623 1638 2678 specim.
1682 2624 1876 2667 Armena
1910 2626 1954 2666 et

249 2682 422 2724 Persica
444 2696 530 2726 non
558 2684 665 2726 ΜΒ.
695 2708 742 2712 —-
770 2684 812 2726 C.
834 2682 1101 2736 fraternmn
1128 2696 1208 2726 ω).
1232 2682 1385 2725 Prodr.
1416 2681 1487 2724 Vl.
1516 2696 1555 2736 p.
1584 2682 1684 2724 636.

295 2755 394 2792 Hab.
413 2756 456 2792 in
480 2757 625 2804 alpinis
650 2758 699 2793 ad
725 2757 842 2801 rivos,
863 2757 1002 2794 Chana
1022 2757 1161 2794 Putkie
1182 2758 1387 2801 {Armeni-te
1413 2758 1533 2792 austr.
1554 2756 1684 2802 (Kys),
1703 2758 1889 2792 Armenia
1913 2756 1955 2792 in

248 2806 379 2838 monte
396 2805 539 2840 Ararat
555 2807 594 2840 et
612 2807 765 2840 montes
786 2815 905 2851 prope
924 2805 1019 2841 Pere
1041 2815 1153 2851 prov.
1173 2804 1416 2849 Aderbidjan
1435 2803 1601 2849 [Szovl)‚
1618 2803 1748 2839 Persia
1768 2804 1853 2839 loco
1874 2814 1954 2841 non

244 2849 416 2885 indicato
445 2850 531 2896 (Bel
546 2854 567 2893 P,
593 2851 716 2887 Auch.
738 2851 883 2897 35291),
908 2862 1019 2888 mons
1048 2852 1193 2887 Elbrus
1217 2851 1358 2887 Persize
1389 2851 1469 2886 lior.
1492 2849 1632 2894 (Auch.
1652 2851 1781 2896 4813),
1801 2853 1953 2897 montes

245 2896 334 2932 Kuli
355 2898 501 2943 Daena‚
516 2898 703 2943 Tchinar,
722 2899 895 2934 Sakawa
913 2900 1055 2936 Persiae
1074 2902 1195 2935 austr.
1219 2898 1309 2944 (ΚΥ.
1328 2898 1414 2933 7841
1441 2897 1651 2942 Hausski).

304 2972 346 3025 β.
373 2971 656 3027 breviati-spes.
686 2999 742 3004 —-
762 2974 946 3026 Gracile,
972 2973 1185 3017 involucri
1212 2972 1358 3015 {laridi
1389 2973 1535 3027 pliylla
1563 2973 1727 3015 intimis
1756 2973 1952 3027 exceptis
