2066 3296
110 210 342 246 Centaurea.
841 214 1085 240 COMPOfflTAE.
1747 200 1819 235 677

107 290 315 334 flexuosis
343 288 573 343 puberulis
603 288 806 331 rosulatis
836 286 1050 341 petiolatis
1079 286 1250 339 lyratis,
1283 283 1519 337 segmentis
1547 282 1818 335 subintegris

108 349 358 392 lateraiibus
378 347 796 390 lineari-lanceolatis
815 345 1025 388 retrorsis
1045 344 1254 387 brevibus
1274 342 1491 386 terminali
1509 343 1645 384 multo
1661 341 1815 394 majori

105 407 362 461 triangulari
392 407 458 448 vel
491 406 672 456 hastato,
700 405 901 459 capitulis
928 403 1245 447 subsessilibus
1279 403 1346 444 1-5
1375 400 1616 455 aggregatis
1654 399 1814 454 majus·

108 467 215 509 culis
241 465 392 515 ovatis,
417 464 633 507 involucri
660 464 821 518 phyllis
858 463 1030 505 flavidis
1066 463 1186 516 apice
1219 462 1447 514 angustato
1475 459 1519 501 in
1550 457 1815 513 appendices

109 525 287 579 pallidas
321 527 486 566 erectas
521 523 603 565 sub
633 523 747 564 lente
784 522 981 564 breviter
1008 521 1225 563 velutinas
1263 521 1347 562 late
1375 517 1818 571 ovato-triangulares

109 584 313 637 utrinque
332 584 375 625 in
392 582 610 625 sto-eilia
625 582 876 635 pectinatim
897 580 1078 634 partitas
1101 580 1227 633 spina
1242 578 1366 621 brevi
1383 577 1637 619 terminatas
1653 576 1816 617 abeun-

106 643 235 694 tibus,
260 641 452 684 flosculis
476 640 617 689 luteis
640 640 867 682 acheniis..
889 671 899 680 .
937 646 995 687 26.
1024 639 1070 681 C.
1101 636 1341 680 rln'zantlm
1365 636 1513 677 Tchih.
1538 635 1612 677 As.
1633 635 1732 676 Min.
1765 633 1817 684 ll,

105 714 145 755 p.
171 701 256 742 3⁴20
279 713 362 743 non
387 699 483 741 CA,
513 699 621 752 Mey.

151 773 249 809 Hab.
265 773 305 808 in
326 773 431 818 agris
454 772 653 807 sterilibus
675 771 724 806 ad
743 772 939 819 Pazapom
959 781 1081 818 prope
1103 771 1250 805 Baibut
1267 769 1464 805 Armeniae
1484 767 1679 812 (Bourgt),
1696 775 1815 812 prope

103 820 384 911 {llizgliggl'ffibffi
396 819 440 911 'En
456 819 630 854 vallibus
649 818 794 865 alpinis
810 820 896 865 jugi
914 818 1131 865 Paryadres
1150 817 1264 853 Ponti
1284 817 1385 851 inter
1400 814 1534 860 LisdJ‘a
1552 816 1590 849 et
1615 812 1814 848 Kumbeth

151 930 274 966 Valde
302 929 431 965 affinis
451 928 488 965 C.
509 929 642 972 sessile,
661 928 834 976 capitula
854 928 974 975 paulo
1003 929 1166 974 majora,
1186 927 1416 973 phyllorum
1446 924 1681 971 appendices
1702 923 1815 958 obtu-

105 978 240 1021 siores,
259 979 297 1012 et
314 976 438 1012 multo
457 976 615 1012 latiores
643 986 727 1011 sese
752 976 922 1011 invicem
949 976 1178 1020 obtegentes
1207 974 1247 1008 in
1275 973 1363 1009 cilia
1391 972 1513 1018 duplo
1540 970 1814 1007 numerosiora

107 1025 331 1071 pectinatim
359 1024 524 1070 partitae,
551 1025 687 1058 erectae
713 1033 781 1058 nec
807 1023 973 1058 ressexae.
997 1021 1036 1058 C.
1058 1021 1236 1058 ustulata
1256 1021 1387 1056 differt
1404 1019 1509 1055 toliis
1541 1019 1580 1053 in
1612 1019 1815 1063 segmenta

108 1070 231 1107 multo
263 1072 414 1106 minora
445 1070 874 1117 subbipinnatipartitis
906 1079 983 1104 non
1014 1069 1166 1115 lyratis‚
1193 1068 1377 1114 capitulis
1409 1066 1647 1110 minoribus3
1678 1074 1815 1100 omnes

105 1119 239 1154 forsan
256 1118 373 1153 unius
392 1118 475 1164 typi
494 1119 715 1153 varietates.

170 1243 263 1284 142.
298 1241 350 1285 C.
385 1240 656 1284 ustulata
688 1241 788 1296 (uc.
813 1241 967 1284 Prodr.
993 1240 1064 1289 VI,
1093 1253 1131 1294 p.
1162 1241 1268 1294 576)
1302 1240 1480 1292 acautis,
1507 1239 1606 1293 pilis
1633 1239 1815 1281 annula-

104 1301 160 1343 tis
187 1300 395 1343 flexuosis
422 1300 712 1352 cinerascens,
740 1300 853 1342 foliis
880 1300 1097 1354 petiolatis
1124 1300 1333 1342 rosulatis
1359 1300 1404 1341 in
1429 1302 1651 1352 segmenta
1682 1310 1816 1351 parva

104 1359 298 1401 breviter
321 1359 729 1402 lineari-lanceolata
756 1359 909 1402 obtusa
946 1359 1102 1401 lobulis
1130 1359 1385 1401 intermixta
1410 1359 1584 1400 dentata
1622 1361 1663 1399 et
1695 1368 1811 1410 saepe

107 1417 362 1472 pinnatifida
395 1417 710 1471 pinnatisectiS,
737 1418 938 1471 capitulis
972 1417 1201 1460 sessilibus
1238 1416 1534 1460 mediocribus
1570 1415 1813 1469 aggregatis

104 1477 256 1529 ovatis,
273 1477 490 1519 involucri
510 1476 647 1530 glabri
668 1477 827 1531 phyllis
850 1476 1024 1519 flavidis
1049 1477 1170 1530 apice
1190 1475 1440 1519 constrictis
1461 1476 1504 1517 in
1527 1474 1812 1528 appendicem

106 1536 418 1578 fuscescentem
453 1538 622 1577 ovatam
655 1536 721 1578 vel
758 1536 952 1578 breviter
986 1535 1268 1578 lanceolatam
1302 1538 1491 1578 erectam
1524 1535 1735 1588 utrinque
1771 1533 1812 1574 in

106 1595 179 1637 7-8
200 1594 294 1637 cilia
314 1594 527 1647 profunde
550 1594 989 1648 ttcctinato-partitam
1017 1593 1295 1645 abeuntibus,
1314 1593 1508 1636 flosculis
1530 1593 1668 1642 ssavis,
1689 1593 1814 1634 ache-

106 1653 187 1695 niis
206 1653 379 1706 glabris,
401 1652 527 1706 pappi
551 1654 664 1695 serie
686 1653 945 1696 intermedia
968 1653 1146 1695 achenio
1171 1653 1402 1707 quintuplo
1425 1652 1643 1702 breviore,
1659 1651 1813 1693 intima

107 1711 408 1753 intermediam
420 1724 505 1753 non
519 1715 718 1766 aequante
746 1719 804 1760 26.
825 1711 864 1754 C.
878 1711 1139 1764 ycocephala
1154 1715 1196 1754 et
1212 1712 1252 1755 C.
1277 1709 1647 1763 chthonoceplzala
1670 1709 1808 1752 Boiss.

107 1770 203 1813 Mss.

153 1843 252 1879 Hab.
282 1844 321 1878 in
351 1843 520 1879 collibus
551 1844 736 1880 calcareis
765 1845 865 1879 circa
894 1843 1057 1880 Urmiah
1088 1853 1197 1890 prov.
1219 1843 1463 1888 Aderbidjan
1494 1842 1637 1878 Persiae
1663 1841 1813 1886 (Szov!‚

103 1890 227 1926 Auch.
247 1890 386 1935 48521),
404 1891 444 1926 in
463 1891 652 1927 Armenia
672 1901 793 1938 prope
812 1891 897 1926 Van
917 1892 1069 1936 (Nost),
1088 1900 1208 1938 prope
1230 1890 1417 1926 Erzerum
1437 1890 1574 1934 (Huetl
1593 1888 1738 1933 Calvi).

165 2014 259 2055 143.
295 2013 346 2056 C.
382 2024 784 2068 macrocarpa,
816 2014 990 2064 acautis,
1018 2014 1134 2056 foliis
1171 2013 1432 2056 radicalibus
1469 2014 1564 2067 pilis
1601 2013 1810 2055 flexuosis

103 2071 321 2113 annulatis
347 2072 499 2115 obsitis
527 2073 741 2126 petiolatis
765 2073 959 2126 angustis
982 2072 1190 2115 brevibus
1219 2073 1388 2126 lyratis,
1407 2073 1643 2126 segmentis
1669 2072 1808 2113 minu-

108 2131 159 2172 tis
183 2131 428 2173 rotundatis
454 2131 748 2174 obtusissimis
773 2132 992 2174 terminali
1010 2132 1439 2180 ovato-subcordato,
1458 2128 1645 2185 capitulo
1666 2131 1811 2173 sessili

105 2192 230 2231 ovato
258 2202 428 2243 magno,
462 2190 675 2233 involucri
712 2191 862 2233 ssavidi
888 2191 1047 2245 phyllis
1083 2190 1309 2245 puberulis
1343 2190 1565 2244 adpressis
1599 2189 1809 2242 elongatis

105 2246 300 2300 oblongis
319 2249 437 2302 apice
461 2249 702 2303 angustatis
720 2250 761 2291 in
781 2249 1062 2303 appendicem
1089 2251 1275 2291 erectam
1296 2250 1610 2291 fuscescentem
1633 2253 1809 2292 ovatam

108 2307 176 2348 vel
209 2306 437 2360 oblongam
474 2308 667 2351 breviter
701 2309 1023 2362 spinescentem
1056 2309 1262 2362 utrinque
1294 2309 1510 2362 profunde
1549 2307 1810 2361 7-11-pecti·

106 2364 239 2407 natim
259 2366 444 2408 ciliatam
468 2366 744 2418 abeuntibus,
768 2367 962 2409 flosculis
982 2367 1151 2415 luteis‘?,
1176 2367 1366 2409 acheniis
1391 2367 1530 2420 longis
1557 2366 1720 2420 glabris
1740 2366 1811 2407 vix

104 2425 381 2477 compressis,
399 2426 530 2479 pappi
549 2426 807 2468 rufescentis
827 2425 942 2468 serie
964 2426 1220 2468 intermedia
1241 2426 1419 2468 achenio
1441 2426 1571 2479 triplo
1591 2426 1806 2475 breviore,

104 2481 255 2524 intima
282 2483 541 2526 intermedia
570 2484 858 2527 subbreviore
895 2491 953 2532 ¹36.

152 2554 251 2590 Hab.
271 2555 321 2590 ad
338 2555 600 2592 Ischredabad
619 2557 720 2592 inter
737 2556 829 2592 Jezd
848 2560 884 2593 et
903 2557 1076 2604 Ispahan
1095 2557 1252 2603 (Bunge
1265 2560 1306 2602 l).
1326 2558 1355 2593 F
1359 2557 1381 2593 l.
1403 2557 1541 2604 Aprili.

150 2617 305 2671 Species
327 2619 490 2666 pulchra
510 2621 620 2667 cujus
644 2621 803 2656 unicum
821 2621 1018 2667 specimen
1041 2621 1240 2668 descripsi,
1258 2621 1353 2657 folia
1374 2631 1463 2656 cum
1485 2619 1629 2667 petiolo
1651 2619 1809 2666 bipolli-

104 2675 208 2699 caria
228 2670 429 2712 segmento
448 2667 646 2703 terminali
673 2678 741 2703 sex
758 2667 884 2703 lineas
910 2668 1031 2714 longo
1049 2667 1281 2704 lateralibus
1302 2668 1427 2704 multo
1453 2667 1686 2711 minoribus,
1703 2666 1808 2713 capi-

102 2711 231 2765 tulum
254 2723 383 2759 magn.
409 2714 476 2749 ovi
496 2714 724 2759 columbini,
744 2715 939 2750 involucri
959 2714 1099 2761 phylla
1127 2715 1360 2751 intermedia
1379 2726 1467 2751 cum
1488 2714 1703 2761 appendice
1730 2712 1808 2748 fere

105 2758 285 2803 polllcem
313 2760 445 2806 longa,
481 2761 647 2796 achenia
674 2763 842 2807 quatuor
860 2761 984 2797 lineas
1014 2762 1147 2808 longa.
1169 2762 1323 2808 Species
1341 2763 1475 2797 affines
1502 2772 1621 2808 supra
1648 2770 1807 2796 enume—

102 2807 194 2886 ἓξὲξ,
224 2806 374 2888 phtyuis
402 2807 526 2844 multo
554 2808 802 2844 brevioribus
833 2808 1088 2856 acheniisque
1115 2810 1350 2855 compressis
1378 2809 1445 2844 vix
1472 2809 1495 2844 2
1521 2808 1646 2844 lineas
1676 2807 1807 2853 longis

130 2862 140 2886 1
175 2862 296 2888 erun.

166 2967 260 3007 1144.
296 2966 350 3009 C.
388 2967 706 3012 acicularis
740 2969 899 3023 (Sibth.
924 2973 967 3011 et
994 2969 1080 3011 Sm.
1110 2970 1167 3012 ΡΙ.
1199 2969 1336 3013 Graec.
1366 2969 1419 3020 X,
1448 2982 1487 3023 p.
1515 2970 1556 3020 8,
1585 2970 1670 3012 tab.
1701 2968 1808 3023 911)
