2066 3296
133 244 340 291 Echmops.
859 251 1104 278 composrrAE.
1762 246 1835 282 433

134 328 245 369 talos
290 325 442 367 crebre
483 325 686 378 spinosos
725 323 779 366 ad
818 324 883 366 vel
915 323 1025 366 oltra
1065 325 1253 366 medium
1301 326 1835 380 pinnatiiidis‚glome1·uli

132 385 334 438 capitulis
376 383 580 426 omnibus
611 383 879 435 bomogamis
915 382 1148 436 fertilibus,
1177 384 1365 437 penicilli
1413 385 1685 428 involucrum
1711 387 1834 428 dimi-

133 444 252 486 dium
282 443 406 495 longe
443 442 692 496 superantis
734 441 840 484 setis
877 441 1062 494 copiosis
1105 441 1368 486 bai-bellatis.
1417 443 1628 486 involucri
1674 445 1832 498 phyllis

138 503 267 544 11-13
289 501 452 554 glabris
478 501 673 543 externis
713 500 912 553 penicillo
940 500 1214 542 brevioribus
1238 515 1261 543 a
1297 502 1386 544 basi
1425 506 1605 555 angusta
1642 504 1836 546 breviter

136 560 363 603 deltoideis
388 561 508 613 apice
536 560 660 612 longe
687 559 915 613 pectinatis
943 559 1126 612 abrupte
1155 560 1434 615 breviterque
1476 563 1677 615 spinosis,
1699 563 1833 605 inter-

135 619 290 661 mediis
309 632 333 661 a
366 620 506 662 medio
532 619 655 671 longe
679 620 720 660 et
745 617 954 672 adpresse
991 619 1380 671 pectinato-ciliatis
1403 621 1445 661 iu
1473 622 1694 675 cuspidem
1720 634 1835 664 cras-

136 690 228 720 sain
239 677 489 727 attenuatis,
504 677 670 720 intimis
685 676 902 719 similibus
915 677 1171 731 aequilongis
1187 679 1238 719 ad
1260 679 1451 721 medium
1471 681 1511 720 in
1531 680 1683 723 tubum
1703 681 1834 723 coria-

136 747 259 779 ceum
284 740 573 790 pentagonum
601 736 828 787 concretis,
864 736 993 790 pappi
1022 736 1128 777 setis
1154 737 1362 789 paleaceis
1385 739 1553 780 obtusis
1585 739 1835 781 barbellatis

136 796 227 837 fere
249 795 301 837 ad
325 796 449 838 basin
479 795 628 838 liberis
649 795 693 837 in
719 807 923 837 coronam
946 795 1281 838 conniventibus
1311 803 1369 844 26.

186 868 287 904 Hah.
307 870 346 905 in
365 870 497 906 Persia
511 871 611 905 inter
624 869 793 916 Ispahan
806 871 844 904 et
859 868 1038 904 Teheran
1057 868 1203 914 (Eget).

185 933 295 970 Folia
319 934 436 970 etiam
463 934 668 981 superiora
694 933 978 980 5-6-pollicaria
1003 934 1026 968 2
1073 933 1139 968 oll.
1171 934 1262 973 lata,
1282 934 1489 979 glomeruli
1520 946 1616 970 nuce
1636 935 1756 982 duplo
1776 937 1839 972 vel

139 979 259 1027 triplo
282 982 451 1028 maj0res
471 982 641 1017 breviter
661 980 925 1028 pedunculati‚
944 981 1038 1016 invo
1059 991 1194 1016 uerum
1228 992 1317 1016 cum
1342 984 1466 1028 spinis
1484 982 1590 1018 10-11
1614 982 1738 1018 lineas
1756 983 1842 1019 lon-

137 1036 244 1073 gum.

201 1143 267 1183 ⁹20.
295 1143 351 1186 E.
382 1142 1000 1194 Haussknechtii‚caule
1025 1143 1315 1186 crassiusculo
1342 1144 1505 1185 sulcato
1530 1145 1773 1187 canescenti
1799 1147 1842 1187 et

139 1202 562 1255 setoso-glanduloso
586 1213 778 1255 superne
792 1201 1061 1256 corymboso,
1088 1201 1198 1244 foliis
1224 1203 1472 1244 subteneris
1496 1203 1841 1257 ovato-oblongis

140 1260 182 1302 in
212 1260 330 1303 lobos
358 1273 518 1315 paucos
542 1261 626 1303 late
642 1264 685 1302 et
708 1260 902 1303 breviter
927 1261 1218 1314 triangulares
1242 1262 1431 1303 tenuiter
1463 1262 1664 1315 spinosos
1688 1262 1840 1316 pinna-

140 1319 290 1365 tifidis.
314 1320 617 1374 superioribus
657 1320 882 1361 diminutis
909 1319 1295 1374 amplexicaulibus
1325 1320 1519 1362 breviter
1543 1320 1695 1371 ovatis‚
1718 1322 1839 1374 peni-

140 1377 226 1419 cilli
268 1378 445 1421 dimidio
486 1379 711 1422 involucro
748 1378 956 1432 longioris
981 1378 1141 1433 pliyllis
1167 1378 1434 1431 barbellatis
1457 1379 1671 1421 involucri
1707 1380 1839 1422 albidi

140 1437 277 1490 glabri
306 1437 468 1492 phyllis
497 1438 625 1480 11-13
661 1437 817 1480 obtuse
855 1437 1061 1480 carinatis
1102 1437 1264 1480 intimis
1292 1450 1481 1491 superne
1514 1438 1678 1480 minute
1708 1439 1840 1481 trian-

141 1496 563 1550 gulari-spathulatis
589 1497 831 1551 pectinatis,
851 1496 1123 1538 intermediis
1148 1509 1171 1537 a
1194 1497 1336 1539 medio
1362 1497 1502 1538 valido
1525 1497 1712 1540 acerosis
1729 1510 1842 1552 pun-

140 1555 343 1606 gentibus
382 1556 579 1609 margine
623 1556 865 1609 pectinatis,
897 1555 1061 1598 intimis
1095 1555 1135 1597 in
1165 1555 1321 1598 tubum
1344 1559 1636 1609 pentagonum
1661 1557 1841 1608 coalitis,

141 1614 272 1668 pappi
299 1614 404 1658 sutis
433 1615 642 1668 paleaceis
666 1614 919 1658 barbellatis
945 1614 1114 1656 inferne
1134 1614 1349 1657 concretis
1385 1621 1443 1662 21.

140 1687 522 1780 (HHab.¹{r'i)pascuis
536 1684 657 1735 Supra
674 1688 845 1724 Scbadni
876 1688 1070 1724 montium
1089 1687 1245 1723 Scbahu
1265 1688 1529 1724 Kurdistaniae
1552 1689 1714 1724 Persicae
1737 1688 1845 1724 8000·

199 1745 291 1770 auss
334 1763 340 1770 .
363 1762 370 1770 .

188 1798 494 1846 sesquipedalis,
512 1799 607 1836 folia
625 1800 807 1835 inferiora
829 1800 928 1835 semi
959 1799 1087 1835 edalia
1103 1799 1168 1835 2-3
1199 1798 1358 1845 pollices
1377 1800 1467 1835 lata.
1493 1800 1631 1835 Affinis
1654 1800 1695 1835 Ε.
1716 1800 1843 1836 leuco-

139 1845 305 1893 qrapho,
324 1846 392 1882 sed
409 1846 507 1882 folia
525 1857 604 1882 non
623 1847 792 1883 coriacea
811 1849 849 1882 et
866 1857 934 1882 mu
953 1850 992 1882 to
1026 1845 1157 1882 minus
1191 1846 1332 1890 divisa,
1365 1846 1613 1882 involucrum
1631 1847 1741 1882 1142
1772 1848 1827 1883 lin

141 1892 306 1939 longum
321 1893 471 1940 phyllis
491 1894 607 1930 valde
625 1893 906 1941 pungentibus.

204 2019 272 2061 ⁶21.
296 2018 352 2062 Ε.
377 2019 738 2074 polygamus
765 2020 883 2073 (Bge
920 2019 999 2061 loc.
1027 2017 1095 2060 cit.
1123 2030 1160 2071 p.
1191 2017 1309 2071 302)
1333 2030 1520 2070 annuus,
1548 2018 1669 2060 caule
1691 2019 1841 2071 gracili

146 2089 269 2119 mono
293 2077 361 2121 vel
384 2079 639 2132 corymbose
656 2078 893 2133 tricephalo
919 2077 1090 2131 papillis
1116 2076 1384 2131 glandulosis
1408 2076 1686 2128 obsito‚foliis
1705 2090 1838 2131 supra

143 2136 299 2179 setosis
321 2148 448 2190 parce
484 2137 783 2180 arachnoideis
822 2137 976 2179 subtus
1003 2138 1119 2179 canis
1154 2137 1271 2178 costa
1297 2135 1435 2176 media
1462 2136 1841 2190 setoso-papillosa

143 2195 531 2247 amplexicaulibus
570 2195 764 2249 oblongis
799 2195 1150 2238 sinuato-Iobatis
1180 2193 1370 2236 tenuiter
1410 2194 1614 2247 spinosis,
1653 2194 1842 2248 penicilli

143 2253 418 2297 involucrum
442 2254 666 2297 dimidium
693 2255 945 2309 superantis
979 2254 1086 2296 setis
1124 2252 1311 2306 copiosis
1340 2252 1602 2304 barbellatis‚
1628 2253 1841 2295 involucri

141 2311 279 2366 glabri
305 2313 463 2367 phyllis
491 2315 622 2355 11-12
648 2313 700 2355 ab
728 2314 922 2356 externis
945 2326 966 2355 a
994 2313 1087 2354 basi
1120 2313 1341 2355 attenuata
1365 2312 1558 2353 breviter
1581 2313 1841 2365 spatliulatis

145 2371 342 2425 penicillo
377 2372 652 2415 brevioribus
691 2373 744 2415 ad
778 2371 1032 2416 intermedia
1060 2385 1084 2414 a
1115 2370 1257 2413 medio
1284 2370 1325 2411 in
1361 2370 1583 2423 cuspidem
1622 2373 1843 2412 attenuata

143 2431 367 2484 elongatis,
407 2432 573 2474 intimis
618 2430 886 2485 longioribus
922 2430 1169 2474 lanceolatis
1206 2429 1396 2482 spinosis
1430 2429 1543 2471 ultra
1569 2429 1758 2470 medium
1796 2429 1839 2470 in

146 2488 298 2531 tubum
341 2489 500 2532 durum
543 2494 835 2544 pentagonum
858 2490 1037 2541 coalitis7
1062 2489 1192 2543 pappi
1216 2487 1322 2530 setis
1351 2486 1560 2541 paleaceis
1590 2487 1843 2530 barbellatis

144 2547 196 2590 ad
221 2551 421 2603 quartam
442 2553 608 2603 partem
635 2554 802 2592 tantuin
826 2548 1039 2592 concretis
1063 2549 1105 2590 in
1136 2559 1337 2590 coronam
1362 2546 1573 2598 contiguis
1606 2550 1672 2595 O.

193 2619 293 2656 Hah.
311 2620 351 2656 in
370 2621 502 2657 Persia
520 2623 619 2658 inter
635 2622 804 2669 Ispahan
822 2623 861 2658 et
872 2621 1053 2657 Teheran
1070 2620 1169 2666 (Bge
1183 2621 1218 2664 1).

194 2683 332 2720 Planta
348 2685 512 2732 pedalis,
525 2685 620 2721 folia
648 2685 899 2733 tripollicaria
917 2684 1205 2732 pollicemlata,
1223 2693 1354 2718 ramea
1371 2682 1615 2724 brevissima.
1634 2681 1847 2726 glomer-uli

147 2740 244 2767 nuce
268 2732 389 2778 duplo
423 2733 592 2779 majores
626 2734 795 2769 virentes
822 2731 1093 2780 pedunculati‚
1112 2730 1296 2777 capitulis
1326 2729 1576 2764 inferioribus
1603 2728 1801 2763 sterilibus
1815 2731 1843 2772 ?,

146 2777 394 2815 involucrum
411 2779 436 2815 8
451 2780 576 2816 lineas
595 2780 773 2826 longum.

210 2901 280 2942 22.
306 2900 370 2943 E.
397 2898 872 2944 Chorassanious
895 2896 1002 2952 (Bge
1023 2896 1097 2937 loc.
1127 2894 1195 2936 cit.
1217 2906 1255 2946 p.
1286 2891 1389 2944 383)
1408 2891 1528 2933 caule
1552 2892 1845 2934 crassiusculo

148 2959 591 3013 corymboso-sulcato
609 2969 714 3000 cano
741 2957 934 3011 setisque
959 2953 1183 3010 papillosis
1200 2950 1500 3005 glanduliferis
1516 2962 1709 3003 asperso,
1733 2951 1845 2994 foliis

148 3029 340 3071 superne
366 3017 697 3061 canescentibus
719 3015 826 3059 setis
855 3012 1157 3069 glaudutileris
1181 3011 1334 3052 crebre
1365 3008 1518 3051 obsitis
1543 3009 1699 3051 subtus
1723 3011 1844 3052 canis

1589 3080 1634 3115 28
