2066 3296
74 190 313 228 Centaurea.
806 197 1051 224 composnAE.
1713 187 1784 225 689

143 271 240 313 170.
271 270 326 313 C.
361 269 698 324 Calcitrapa
729 268 797 322 (L.
825 268 898 323 Sp.
934 267 1061 324 1297)
1095 269 1217 312 caule
1240 271 1384 312 erecto
1407 282 1431 311 a
1453 269 1546 311 basi
1572 269 1784 311 divarica-

79 330 160 373 tim
194 329 506 380 ramosissimo‚
541 328 654 371 foliis
692 327 881 370 flaccidis
917 328 1482 383 papillari-pubescentibus
1519 327 1784 371 radicalibus

83 388 292 432 rosulatis
314 388 359 430 in
381 387 559 429 lacinias
582 386 771 429 lineares
796 386 996 429 dentatas
1021 386 1090 430 vel
1124 386 1457 440 pinnatilobatas
1485 386 1785 440 pinnatisectis

84 446 260 491 rachide
297 446 408 488 alata
440 445 550 488 lobis
587 445 918 495 mucronulatis,
953 445 1136 488 caulinis
1173 445 1399 488 sessilibus
1438 445 1602 487 laciniis
1638 447 1788 500 paucis

79 505 297 558 elongatis
331 505 513 547 summis
539 503 754 553 indivisis,
777 504 978 557 capitulis
1003 503 1258 546 lateralibus
1285 508 1327 546 et
1352 503 1655 546 terminalibus
1689 505 1787 547 bre-

86 565 202 607 viter
224 563 527 618 pedunculatis
545 566 587 605 et
609 562 840 605 sessilibus
863 562 1070 606 solitariis
1094 563 1384 605 mediocribus
1403 563 1555 613 ovans,
1574 563 1788 606 involucri

85 622 237 677 ,pallidi
263 621 400 675 glabri
429 621 590 675 phyllis
618 620 822 664 coriaceis
850 621 1041 664 enei-viis
1068 632 1251 675 anguste
1278 623 1790 675 membranaceo-margi-

87 681 201 724 natis
225 682 306 723 sub
329 681 565 734 appendice
586 680 735 735 patula
752 679 1294 734 palmatim-subpinnatim
1314 682 1385 722 5-7
1406 681 1578 733 spinosa
1598 684 1791 723 contrac—

88 740 168 793 tis,
210 740 360 793 spinas
399 739 652 781 lateralibus
689 738 965 780 brevissimis
1008 739 1223 781 terminali
1266 740 1453 781 maxima
1488 740 1581 781 basi
1619 740 1793 781 interna

84 798 373 840 canaliculata
390 797 664 840 involucrum
684 800 935 850 superante,
950 797 1111 851 phyllis
1129 797 1293 840 intimis
1311 798 1532 840 interdum
1550 798 1792 841 inermibus

83 857 210 910 apice
240 855 459 907 scariosis‚
479 856 672 899 flosculis
698 856 948 910 purpureis,
976 857 1168 898 acheniis
1201 856 1348 910 parvis
1381 856 1537 898 albidis
1563 857 1695 899 calvis
1723 857 1792 912 (D.

89 916 146 958 Ic.
174 915 308 957 Rchb.
337 914 420 957 tab.
451 915 519 956 67.

140 989 244 1025 Hah.
272 989 312 1024 in
338 988 530 1024 ruderatis
557 990 595 1023 et
621 989 670 1023 ad
690 988 788 1032 vias7
812 989 939 1023 Attica
959 988 1098 1034 (Fraas
1127 999 1175 1024 ex
1202 988 1289 1024 seh.
1310 989 1430 1036 Rip),
1450 989 1617 1025 Thracia
1645 990 1797 1035 (Fr-iv),

90 1036 326 1082 Byzantium
346 1035 520 1080 (Sibth.)⁷
538 1035 650 1071 Creta
668 1035 718 1070 ad
738 1036 894 1071 Khania
912 1035 1047 1079 (Raull
1060 1049 1077 1078 2,
1095 1036 1242 1071 Tauria
1260 1035 1417 1081 (Stevm,
1437 1036 1551 1082 Syria
1570 1047 1691 1083 prope
1709 1037 1797 1072 Tri-

92 1083 174 1130 poli
194 1083 305 1128 (Bu),
323 1082 504 1128 Egyptus
520 1082 619 1118 cirea
638 1082 918 1118 Alexandriam
939 1083 1097 1127 (Gailll)
1116 1085 1153 1118 et
1171 1082 1362 1118 Kahiram
1384 1083 1643 1128 (schweinfl).

140 1147 201 1182 Ar.
222 1147 354 1191 Geogr.
373 1145 531 1191 Europa
558 1145 686 1181 media
713 1149 750 1181 et
779 1145 964 1181 australis
992 1146 1044 1181 ab
1073 1145 1218 1191 Anglia
1245 1148 1282 1181 et
1300 1146 1514 1182 Germania
1540 1147 1589 1182 ad
1616 1147 1798 1183 Rossiam

91 1193 278 1238 mediam,
296 1192 426 1228 Africa
444 1192 628 1237 borealis,
646 1193 792 1229 Insulae
813 1193 1085 1229 Canarienses.

160 1310 255 1352 171.
290 1308 343 1352 C.
377 1307 766 1363 Pamphylica
792 1308 951 1363 (Boiss.
972 1312 1013 1351 et
1036 1308 1185 1350 Heldr.
1206 1308 1356 1362 Diagn.
1377 1308 1470 1351 Ser.
1490 1309 1522 1361 I,
1545 1311 1612 1358 10,
1632 1323 1672 1363 p.
1696 1309 1799 1364 120)

91 1368 220 1411 caule
244 1371 389 1410 erecto
416 1380 439 1409 a
464 1367 557 1409 basi
581 1367 850 1410 divaricatim
877 1380 1064 1419 ramoso,
1088 1367 1198 1409 foliis
1222 1368 1392 1422 asperis
1418 1368 1609 1411 flaccidis
1631 1369 1674 1410 in
1701 1368 1800 1410 laci-

98 1428 192 1470 nias
215 1429 397 1480 anguste
420 1426 607 1468 lineares
629 1426 783 1469 crebre
806 1426 1090 1469 denticulatas
1113 1429 1155 1468 et
1177 1427 1628 1481 calcareo-apiculatas
1649 1428 1803 1482 pinna-

99 1486 282 1537 tisectis,
319 1485 517 1539 capitulis
560 1485 766 1527 solitariis
804 1485 1118 1528 subsessilibus
1158 1485 1272 1527 soliis
1313 1487 1531 1540 supremis
1572 1486 1804 1529 bractealis

95 1544 254 1596 -ovatis‚
277 1543 490 1587 involucri
522 1543 660 1595 glabri
692 1544 851 1598 phyllis
880 1544 1084 1586 coriaceis
1116 1544 1396 1587 inferioribus
1428 1546 1548 1601 apice
1577 1546 1804 1599 subaequa-

103 1604 206 1646 liter
222 1603 444 1658 palmatim
467 1605 509 1644 et
532 1602 790 1644 brevissime
810 1603 881 1644 5-7
905 1603 1157 1655 spinulosis,
1182 1604 1453 1647 intermediis
1476 1605 1626 1659 paucis
1650 1606 1695 1647 in
1721 1606 1806 1660 spi-

97 1674 199 1705 nam
226 1661 412 1704 validam
440 1661 593 1703 duram
622 1673 756 1715 supra
783 1662 1108 1705 canaliculatam
1136 1662 1330 1704 flosculis
1358 1664 1685 1717 sublongiorem
1712 1664 1804 1707 basi

104 1722 311 1774 utrinque
337 1719 653 1774 bispinulosam
686 1720 961 1772 abeuntibus,
985 1721 1150 1763 int-imis
1185 1721 1427 1764 inermibus
1455 1723 1574 1776 apice
1605 1723 1689 1764 late
1715 1735 1806 1766 sca-

100 1780 247 1832 riosis‚
271 1779 465 1822 flosculis
489 1779 644 1832 roseis,
668 1779 856 1822 acheniis
881 1780 1029 1834 parvis
1052 1781 1316 1834 compressis
1342 1780 1471 1823 nudis
1494 1781 1564 1836 O.

150 1853 251 1888 Hah.
269 1852 310 1888 in
326 1851 441 1888 cultis
460 1854 497 1888 et
517 1852 567 1887 ad
587 1853 672 1888 vias
690 1852 936 1899 Pan‘iphyliae
956 1863 1075 1899 prope
1094 1853 1261 1888 fluvium
1281 1854 1460 1889 Cestrum
1477 1854 1661 1899 (Heldrl).

151 1915 306 1952 Pedalis
323 1915 387 1951 vel
406 1915 704 1970 sesquipedalis⁷
718 1917 845 1952 affinis
866 1916 903 1952 C.
916 1916 1154 1964 Calcitrapoe
1170 1928 1191 1953 a
1210 1921 1284 1964 qua
1306 1917 1434 1953 differt
1451 1918 1633 1954 foliorum
1653 1919 1807 1955 laciniis

105 1962 402 2009 angustissimis
420 1973 569 2009 asperis
596 1966 634 1998 et
650 1965 826 2009 margine
847 1964 980 1999 crebre
1007 1964 1428 2011 calcareo-spinulosis,
1455 1966 1651 2001 involucri
1668 1968 1808 2013 phvlla

105 2010 292 2046 inferiora
308 2009 470 2056 insuper
484 2019 562 2045 non
580 2012 623 2045 ut
640 2011 680 2045 in
702 2014 746 2046 ea
766 2011 806 2045 in
826 2012 980 2058 spinam
1000 2011 1159 2057 longam
1178 2012 1352 2047 validam
1373 2012 1458 2048 basi
1478 2006 1807 2059 spinulosam‘sed

105 2058 146 2092 in
165 2057 419 2104 appendicem
467 2067 603 2092 arvam
623 2058 1064 2105 palmato-spinulosam
1091 2059 1250 2094 abeunt.
1272 2059 1575 2095 Observandum
1604 2063 1736 2097 tamen
1756 2073 1807 2098 an

101 2104 242 2140 formae
259 2104 424 2140 interme
457 2105 501 2139 iae
525 2114 604 2139 non
626 2107 845 2140 occurrant⁴

174 2219 254 2260 172
305 2218 361 2262 C.
396 2217 805 2264 Alexandrina
838 2221 951 2274 (Del.
982 2220 1048 2263 Fl.
1076 2221 1148 2273 Eg.
1175 2222 1276 2271 373,
1303 2222 1386 2264 tab.
1417 2224 1483 2273 49,
1506 2224 1574 2275 fig.
1606 2226 1650 2279 3)
1679 2225 1814 2279 papil-

109 2279 475 2328 loso-canescens‚
494 2279 615 2320 caule
638 2282 782 2322 erecto
801 2279 1023 2322 interdum
1047 2279 1307 2323 brevissimo
1331 2282 1635 2336 monocephalo
1655 2285 1815 2337 saepius

113 2336 383 2379 divaricatim
420 2337 704 2389 3-4·ramoso⁷
739 2338 851 2382 foliis
887 2338 1151 2381 radicalibus
1179 2340 1385 2382 rosulatis
1421 2341 1611 2383 flaccidis
1644 2343 1687 2384 in
1721 2355 1816 2396 seg-

108 2398 256 2438 menta
277 2395 505 2448 inaequalia
531 2395 712 2448 oblonga
734 2397 803 2439 vel
829 2397 1010 2439 obovata
1035 2397 1188 2439 obtusa
1213 2399 1378 2450 minute
1403 2401 1818 2444 mucronato-denti-

115 2454 254 2495 culata
278 2453 488 2507 pinnatim
507 2454 575 2496 vel
598 2454 941 2510 subbipinnalim
965 2456 1108 2506 sectis,
1127 2457 1430 2510 superioribus
1449 2462 1490 2500 et
1512 2460 1671 2501 rameis
1694 2460 1820 2502 dimi-

117 2512 238 2555 nutis
265 2511 516 2554 auriculatis
546 2513 912 2565 sinuato-lobatis,
940 2514 1142 2569 capitulis
1171 2516 1225 2558 ad
1249 2528 1470 2558 ramorum
1498 2519 1817 2561 extremitatem

111 2571 191 2613 μ1-3
216 2570 410 2612 breviter
436 2571 741 2624 pedunculatis
767 2574 1018 2627 majusculis
1037 2572 1337 2626 subrotundis,
1364 2575 1579 2618 involucri
1604 2577 1821 2630 glabrius-

111 2629 202 2671 culi
228 2628 389 2683 phyllis
411 2629 618 2672 coriaceis
641 2632 833 2673 enerviis
857 2632 899 2673 in
924 2633 1094 2685 spinam
1117 2632 1302 2674 albidam
1326 2633 1637 2677 validissimam
1664 2638 1821 2678 canali·

117 2687 302 2730 culatam
330 2687 534 2730 flosculos
557 2694 837 2743 superantem
866 2690 959 2733 basi
983 2690 1190 2745 utrinque
1219 2692 1426 2745 pinnatim
1447 2696 1489 2734 et
1504 2693 1699 2736 breviter
1727 2696 1823 2736 3-4»-

119 2746 389 2799 spinulosani
415 2746 692 2798 abeuntibus,
717 2749 880 2803 phyllis
905 2750 1072 2792 intimis
1100 2749 1343 2792 inermibus
1367 2752 1604 2804 appendice
1632 2754 1823 2795 scariosa

118 2805 275 2847 lacera.
291 2803 484 2847 flosculis
508 2805 1005 2858 luteo-fuscescenlibus,
1029 2809 1219 2851 acheniis
1237 2809 1384 2862 parvis
1412 2810 1824 2855 albido-virentibus

117 2862 488 2905 fusco-maculatis
516 2864 651 2907 calvis
679 2865 734 2920 (a)
762 2866 835 2908 vel'
868 2872 930 2914 36.

169 2934 270 2969 Hab.
288 2934 328 2969 in
352 2934 510 2970 incultis
529 2938 564 2971 et
589 2936 782 2972 ruderatis
803 2937 949 2985 Egypti
967 2939 1016 2974 ad
1035 2939 1315 2975 Alexandriam
1333 2940 1450 2985 [Deli.
1471 2941 1591 2976 Cadet
1618 2941 1664 2977 de
1683 2942 1826 2978 Fonte-

120 2984 229 3027 nayl,
248 2981 404 3017 Samari
422 2982 575 3027 Gailll).
594 2983 650 3019 Fl.
671 2984 809 3030 Aprili.

1569 3036 1614 3070 44
