2095 3276
297 224 371 262 288
1029 234 1276 261 composrrAE.
1768 223 1991 261 Anthemis.

296 305 826 359 tomentoso-subsericea‚
865 306 1114 349 rhizomatis
1160 307 1323 349 ramosi
1356 305 1592 348 caudiculis
1633 315 1749 359 saepe
1787 305 1998 358 elongatis

295 365 564 411 fibi-illiseris,
582 365 780 408 caulibus
805 365 1142 408 ascendentibus
1161 365 1286 408 elatis
1314 376 1443 419 parce
1470 363 1653 407 ramosis
1675 363 1846 406 inferne
1868 375 1998 418 parce

295 424 479 475 foliosis,
516 424 629 467 foliis
665 425 945 467 surculorum
971 426 1014 466 et
1037 423 1318 466 inferioribus
1361 424 1533 476 longius
1571 422 1788 477 petiolatis
1832 423 1998 465 ambitu

296 482 490 525 breviter
530 483 668 526 ovatis
704 483 940 536 segmentis
976 483 1124 536 paucis
1156 483 1200 524 in
1237 484 1310 524 3-5
1352 482 1527 525 lacinias
1574 482 1769 524 breviter
1810 481 1997 524 lineares

295 541 474 583 obtusas
511 542 655 594 sectis,
700 542 903 596 capitulis
942 541 1233 584 mediocribus
1268 542 1393 594 longe
1432 540 1751 596 pedunculatis‚
1779 540 1998 583 involucri

295 600 504 654 adpresse
529 600 631 642 hirti
657 600 818 654 phyllis
846 601 1044 653 oblongis
1067 600 1367 651 acutiusculis‚
1395 600 1530 654 paleis
1568 599 1804 642 linearibus
1844 599 2000 641 subca-

297 658 450 700 rinatis
475 659 595 713 apice
621 658 920 702 subtruncatis
945 660 1100 702 laceris
1126 671 1262 702 nervo
1301 661 1562 702 excurrente
1586 658 1865 705 mucronatis,
1890 657 1998 711 ligu-

296 715 350 759 lis
373 717 643 760 ocbroleucis
668 718 1106 761 ovato-subrotundis
1131 718 1247 760 disco
1275 722 1317 761 et
1340 718 1566 760 involucro
1592 716 1762 770 3-4·plo
1784 717 2000 760 breviori·

298 775 393 826 bus,
420 775 609 819 acheniis
636 776 959 830 subletragonis
986 778 1077 820 basi
1103 778 1338 820 attenuatis
1365 777 1475 819 albis
1494 777 1652 820 corona
1675 775 1864 818 lobulata
1893 788 1999 830 qua-

299 833 456 889 druplo
479 835 681 877 breviore
704 835 924 879 dimidiata
943 837 1164 890 superatis
1190 842 1249 883 26.

343 908 444 944 Hah.
462 910 512 944 ad
538 910 746 945 tei-minem
762 909 948 945 arborum
961 910 1001 945 in
1016 910 1146 946 Tauro
1164 910 1321 946 Cilicico
1342 919 1462 956 supra
1478 908 1608 945 Giilek
1622 909 1727 944 6000‘
1745 908 1836 955 (Ky.
1856 909 1950 953 621).

356 985 400 1039 β.
417 985 699 1038 poecilolepis.
728 1010 784 1017 —
819 985 973 1029 Caules
998 986 1240 1029 abbreviati
1264 985 1577 1040 monocephali‚
1609 985 1824 1028 involucri
1852 984 1998 1039 phylla

296 1045 690 1098 fusco—marginata.
714 1070 772 1075 -
796 1045 839 1087 A.
871 1045 1135 1098 poeeilolepis
1160 1046 1300 1088 Boiss.
1328 1045 1372 1087 in
1394 1045 1474 1099 ΚΥ.
1506 1044 1659 1087 Sched.
1693 1045 1818 1086 1853.

342 1118 442 1153 Hab.
465 1119 504 1153 in
532 1119 689 1164 regione
716 1118 851 1166 alpina
880 1119 1001 1155 Tauri
1035 1130 1155 1166 supra
1182 1119 1358 1165 Bulghar
1378 1118 1548 1155 Maaden
1567 1117 1708 1162 (Ball),
1726 1117 1776 1153 ad
1798 1116 2001 1153 Koschan·

297 1165 387 1210 geul
401 1165 630 1201 &ooo-900&
650 1166 731 1212 (Ky
743 1168 784 1209 2).

342 1228 482 1265 Caules
516 1229 556 1264 in
592 1231 687 1275 typo
726 1229 886 1276 pedales
914 1232 952 1265 et
981 1229 1289 1276 sesquipedales,
1323 1230 1364 1265 in
1401 1239 1485 1264 var.
1520 1228 1544 1276 β
1577 1238 1682 1275 saepe
1706 1227 2001 1274 4-5-pollicares

296 1276 582 1312 decumbentes.
602 1277 662 1312 Ab
682 1277 867 1313 omnibus
884 1277 938 1325 A.
955 1282 1156 1313 montance
1173 1281 1209 1313 et
1228 1277 1409 1312 affinium
1428 1277 1564 1312 formis
1578 1275 1714 1321 ligulis
1733 1275 1848 1311 flavis
1866 1278 2001 1311 rotun-

296 1323 395 1406 <¹iparttis
418 1323 664 1359 brevissimis
689 1323 978 1370 distinguenda.
998 1324 1083 1360 Var.
1104 1324 1128 1371 β
1147 1324 1282 1360 eadem
1303 1325 1395 1360 nota
1420 1323 1471 1359 ab
1504 1323 1552 1359 A.
1570 1322 1906 1372 ptarmicoeformi
1928 1323 2002 1359 dif-

806 1493 824 1511 '
852 1493 870 1510 *
897 1493 1048 1540 Ligulae
1082 1496 1186 1540 (cum
1208 1495 1354 1530 adsunt
1371 1493 1504 1537 albae).

346 1578 387 1619 4-
411 1575 614 1611 Foliorum
630 1575 784 1613 laciniae
803 1577 955 1612 obtusae
974 1577 1100 1613 rarius
1119 1580 1244 1613 acutae
1264 1577 1332 1613 sed
1350 1587 1553 1623 nunquam
1573 1577 1681 1624 apice
1706 1578 1870 1612 setaceae
1889 1576 1953 1612 vel

1021 1628 1273 1660 mucronatae.

838 1707 882 1754 a)
909 1707 1214 1755 Receptaculum
1231 1717 1465 1744 convexum.

358 1811 424 1851 18.
460 1808 518 1851 A.
549 1805 907 1848 fruticulosa
937 1805 1061 1860 (ΜΒ.
1100 1806 1229 1848 Taur.
1260 1805 1373 1848 Cauc
1416 1805 1469 1851 Π,
1503 1818 1542 1859 p.
1572 1805 1692 1860 329),
1719 1804 1998 1848 suffruticosa

296 1868 507 1922 adpresse
549 1865 688 1916 nivea,
723 1863 920 1907 caulibus
947 1866 1196 1908 numercsis
1235 1865 1398 1908 strictis
1436 1865 1640 1907 tenuibus
1665 1864 1816 1918 rigidis
1850 1875 1999 1906 mono—

294 1927 484 1981 cephalis
507 1925 600 1967 basi
627 1922 805 1975 foliosis,
830 1924 945 1966 foliis
979 1924 1261 1967 inferioribus
1291 1924 1448 1978 petiolo
1471 1936 1586 1979 saepe
1608 1923 1879 1977 longiusculo
1907 1923 1998 1965 suf-

294 1986 413 2029 fultis
437 1985 600 2027 ambitu
639 1982 835 2036 oblongis
858 1983 902 2024 in
927 1983 1104 2025 lacinias
1139 1983 1326 2026 lineares
1360 1983 1429 2026 vel
1464 1982 1819 2036 ovalo-oblongas
1844 1981 1999 2024 abbre—

294 2045 431 2087 viatas
459 2043 658 2085 minimas
678 2044 824 2084 acutas
844 2043 909 2084 vel
927 2042 1105 2085 obtusas
1136 2042 1493 2095 bipinnatisectis,
1520 2042 1740 2096 supremis
1760 2040 1998 2083 linearibus

297 2103 513 2155 lobnlatis,
541 2101 727 2155 capitulo
756 2101 974 2153 mediocri,
1001 2101 1217 2144 involucri
1244 2101 1453 2155 adpresse
1488 2101 1580 2143 cani
1606 2100 1767 2155 phyllis
1801 2101 1996 2143 externis

300 2160 774 2216 triangulari-oblongis
804 2161 1088 2203 acutiusculis
1112 2161 1231 2215 apice
1263 2160 1619 2210 membranaceis,
1638 2158 1804 2201 intimis
1831 2158 1999 2202 obtusis

295 2221 416 2275 apice
449 2220 657 2263 latissime
689 2222 730 2261 et
764 2218 918 2261 obtuse
957 2219 1159 2262 scariosis
1197 2219 1350 2261 laceris
1387 2219 1588 2274 pallidis,
1620 2217 1760 2271 ligulis
1790 2218 1997 2270 oblongo-

296 2280 497 2333 ellipticis
527 2279 636 2321 albis
672 2278 788 2322 disco
828 2278 1099 2332 aequilongis‚
1135 2278 1397 2332 receptaculi
1444 2278 1581 2333 paleis
1619 2276 1994 2328 lineari-oblongis

295 2339 499 2381 carinatis
537 2338 654 2392 apice
683 2337 836 2380 laceris
863 2338 1015 2387 acutis,
1057 2338 1246 2380 achcniis
1285 2336 1491 2379 tenuibus
1518 2335 1728 2390 elongatis
1754 2334 1994 2389 tetragonis

294 2396 708 2440 &costato-sulcatis
737 2396 929 2450 margine
957 2396 1264 2450 angustissimo
1283 2395 1626 2450 subquadrilobo
1640 2400 1677 2443 5.

342 2470 444 2506 Hah.
468 2471 506 2506 in
528 2470 773 2517 rupestribus
793 2469 959 2505 Caucasi
977 2470 1159 2506 centralis
1179 2470 1278 2505 inter
1296 2468 1392 2504 Lars
1411 2471 1448 2505 et
1464 2468 1578 2504 Balta
1594 2467 1699 2504 3000’
1713 2467 1885 2514 (Ruprl),
1898 2466 1997 2502 Cau-

290 2518 737 2611 Qgi-ggisffinlgillzigppigpe
757 2516 980 2553 Kurtbulak
1011 2517 1168 2563 (slew),
1188 2527 1307 2563 prope
1337 2517 1464 2552 Girnri
1488 2518 1525 2552 et
1544 2526 1664 2563 supra
1684 2515 1850 2551 fluvium
1872 2513 1996 2549 Sulak

339 2627 601 2674 Semipedalis
631 2627 695 2662 vel
714 2625 864 2670 elatior,
883 2627 979 2663 folia
1006 2626 1176 2662 multum
1204 2626 1360 2662 variant
1394 2626 1549 2662 laciniis
1578 2626 1744 2662 tenuiter
1776 2625 1995 2661 linearibus

292 2674 490 2719 1¹s2-211n.
515 2675 643 2720 longis
662 2674 726 2710 vel
744 2674 991 2710 brevissimis
1027 2675 1179 2718 ovatis‚·
1202 2673 1374 2721 capitula
1408 2673 1630 2709 mediocria.
1663 2673 1817 2719 Phyllis
1844 2672 1995 2708 intimis

296 2722 487 2757 latissime
506 2722 689 2757 scat-iosis
710 2722 889 2768 insignis.
907 2722 1083 2758 Achenia
1104 2721 1349 2758 acutiuscula
1367 2723 1571 2766 tetragona
1587 2721 1656 2756 sed
1675 2731 1754 2756 non
1771 2729 1996 2767 compressa

294 2779 370 2815 quo
390 2773 547 2816 propter
565 2769 666 2804 inter
686 2768 802 2805 Cotas
820 2778 900 2804 non
919 2769 1075 2804 militat.

359 2885 421 2926 19.
455 2883 516 2926 A.
543 2883 804 2935 tricolor,
831 2883 1041 2937 adpresse
1062 2884 1596 2931 subsericeo-lomentosa,
1620 2879 1818 2926 caulib'bs
1847 2893 1996 2925 nume·

296 2943 406 2984 rosis
431 2942 792 2985 decumbentibus
821 2943 997 2996 pumilis
1024 2942 1294 2997 simplicibus
1312 2946 1354 2986 et
1384 2954 1508 2995 parce
1534 2941 1732 2993 ramosis,
1764 2941 1874 2984 foliis
1895 2945 1997 2995 par-

297 3001 360 3043 vis
380 3001 571 3044 breviter
597 3002 815 3056 petiolatis
840 3001 1002 3044 ambitu
1030 3002 1228 3055 oblongis
1257 3001 1705 3056 pinnatisvsegmentis
1726 3000 1875 3055 paucis
1896 2998 1995 3041 bre-
