2066 3296
122 207 357 245 Centaurea.
846 214 1093 240 composrrAE.
1750 204 1821 241 679

121 287 441 335 culam-lacera,
492 286 685 329 flosculis
725 286 867 337 luteis,
903 285 1092 328 acheniis
1127 285 1414 339 (immaturis)
1452 285 1584 328 dense
1623 285 1820 337 hirsutis,

122 345 251 401 pappi
279 345 540 388 rufescentis
568 346 681 387 serie
707 344 969 387 intermedia
995 343 1171 386 achenio
1201 343 1392 396 longiore
1428 350 1486 391 26.

171 418 274 454 Hab.
295 419 335 454 in
354 420 486 453 monte
503 417 673 464 Akdagh
692 417 822 463 Lyciae
841 416 1007 461 (Pestall
1029 416 1207 461 Bourgl).

170 474 304 509 Facies
314 473 351 509 C.
364 472 576 509 aez'cularz's
589 475 627 508 et
637 472 906 520 chrysoleucae,
917 472 985 508 sed
1002 471 1141 518 phylla
1151 472 1285 508 crebre
1298 471 1540 508 albo-ciliata
1557 476 1594 508 et
1607 474 1646 508 in
1662 473 1818 519 spinam

123 520 345 556 breviorem
363 520 581 566 simplicem
601 530 670 555 nec
688 520 934 566 spinulosam
955 519 1154 554 abeuntia.

674 650 798 693 SECT.
838 650 949 692 VIII.
986 649 1270 692 Smumomsss.

187 778 282 819 147.
319 776 372 820 C·
414 777 748 832 glomerata
774 777 901 829 (Vahl
940 777 1086 830 Symb.
1116 779 1155 820 2.
1190 790 1231 831 p.
1262 778 1336 830 94)
1369 779 1528 822 acaulis
1555 781 1623 821 vel
1653 793 1676 821 a
1712 781 1819 824 collo

125 836 331 891 prolifere
366 840 409 878 et
439 836 708 879 divaricatim
746 849 917 879 ramosa
947 836 1081 878 ramis
1115 837 1275 879 crassis
1301 837 1676 891 decumbentibus,
1704 839 1819 882 foliis

121 895 297 950 papillis
319 895 476 948 crispis
493 895 672 937 minutis
684 895 849 947 obsitis,
868 894 1128 938 radicalibus
1152 895 1356 938 rosulatis
1373 896 1587 948 petiolatis
1609 897 1820 951 elongatis

121 955 165 995 in
185 954 359 996 lacinias
384 965 542 1008 parvas
566 953 772 1006 oblongas
790 955 1115 996 mucronulatas
1141 954 1484 1007 bipinnatisectis
1504 956 1678 997 rachide
1696 956 1820 999 lobu-

120 1013 220 1055 lata.
246 1013 405 1054 rameis
433 1011 550 1067 (cum
576 1011 757 1067 adsunt)
781 1012 1007 1055 sessilibus
1034 1012 1297 1055 abbreviatis
1324 1012 1475 1055 obtuse
1504 1014 1818 1067 pinnatisectis,

120 1071 323 1125 capitulis
346 1071 399 1113 ad
422 1071 578 1113 collum
606 1075 647 1114 et
669 1071 948 1114 dichotomias
976 1071 1108 1113 dense
1136 1071 1386 1125 glomeratis
1413 1072 1644 1114 sessilibus
1672 1075 1819 1126 parvis

120 1129 334 1183 oblongis,
361 1130 577 1172 involucri
603 1130 749 1172 ssavidi
773 1129 934 1184 phyllis
958 1130 1152 1183 margine
1181 1129 1305 1183 longe
1335 1131 1556 1173 araneosis
1580 1131 1818 1174 imbricatis

123 1188 322 1242 oblongis
358 1188 477 1242 apice
504 1191 724 1231 attenuato
753 1188 1057 1242 subpalmatim
1085 1189 1129 1230 in
1156 1189 1229 1230 3-5
1256 1189 1451 1241 spinulas
1477 1189 1636 1232 breves
1663 1194 1818 1232 tenues

120 1247 395 1301 subaequales
412 1250 612 1301 patentes
633 1247 1082 1299 abeuntibus,intimis
1100 1247 1353 1289 membrana
1371 1247 1543 1301 hyalina
1565 1251 1690 1291 ovata
1715 1249 1819 1291 den-

120 1304 297 1347 ticulata
318 1306 568 1349 decurrenti
592 1306 810 1360 superatis
827 1306 1080 1360 simpliciter
1104 1306 1359 1357 aristulatis,
1380 1306 1569 1349 flosculis
1589 1307 1714 1349 flaviS
1732 1320 1818 1350 non

119 1364 408 1418 radiantibus,
432 1365 623 1408 acheniis
650 1365 956 1407 minutissimis
979 1364 1174 1407 obovatis
1200 1364 1648 1408 lineolato-maculatis
1668 1366 1817 1408 nitidis

119 1423 255 1465 calvis
276 1428 341 1473 Θ.
370 1423 409 1466 C.
435 1423 603 1465 acautis
618 1424 768 1466 Forsk.
788 1423 862 1476 Eg.
887 1424 983 1465 152.
1001 1447 1060 1454 —
1078 1423 1118 1466 C.
1137 1422 1359 1475 probz'fera
1377 1423 1500 1466 Vent.
1521 1423 1618 1466 Cels
1635 1426 1723 1467 tab.
1753 1426 1817 1467 16.

119 1505 175 1511 —
201 1481 241 1524 C.
263 1481 505 1524 straminea
528 1483 673 1525 Willd.
703 1483 824 1524 Hort.
854 1482 995 1524 Berol.
1021 1483 1106 1524 tab.
1136 1484 1202 1524 026.

167 1553 270 1589 Hah.
297 1555 336 1590 in
366 1555 523 1590 incultis
547 1555 726 1591 arenosis
748 1555 897 1602 Egypti
925 1566 1044 1602 prope
1071 1555 1356 1591 Alexandriam
1387 1556 1538 1602 OEorsk,
1562 1556 1662 1592 Ehrl
1683 1556 1820 1593 Cadetl

116 1599 273 1637 Samari
293 1601 437 1647 Gailll)
457 1613 577 1649 prope
596 1602 776 1638 Aboukir
796 1602 996 1647 (Kralikl).

164 1663 277 1700 Folia
305 1665 492 1701 radicalia
518 1666 584 1702 3-ss
609 1666 771 1712 pollices
798 1664 931 1710 longa,
949 1665 1158 1712 glomeruli
1182 1665 1446 1712 polycephali,
1465 1666 1714 1702 involucrum
1741 1669 1820 1702 tres

115 1709 242 1747 lineas
261 1712 435 1758 longum,
456 1713 620 1748 achenia
638 1713 751 1748 lineae
771 1711 815 1756 ’si
834 1712 963 1758 longa.

609 1843 729 1886 Sam.
759 1843 832 1884 IX.
868 1844 1324 1886 BALSAMITOPHYLLUM.

180 1970 275 2011 148.
314 1969 367 2012 C.
401 1969 731 2012 Balsamita
771 1968 910 2023 (Lam.
944 1968 1053 2010 Dict.
1094 1968 1127 2020 I,
1164 1963 1203 2021 p.
1242 1969 1343 2020 667)
1385 1967 1580 2009 breviter
1618 1966 1816 2009 scabrida

116 2028 277 2083 pallide
300 2028 465 2080 virens,
489 2028 609 2070 caule
637 2031 795 2081 erecto,
824 2027 958 2070 ramis
981 2027 1182 2081 rigidulis
1219 2026 1397 2079 virgatis
1430 2026 1593 2068 foliosis
1617 2037 1817 2068 monoce-

117 2086 271 2142 phalis,
304 2087 415 2130 foliis
444 2086 663 2141 punctulis
696 2086 916 2140 depressis
951 2087 1104 2128 crebre
1131 2086 1283 2128 obsitis
1308 2084 1588 2127 inferioribus
1621 2084 1818 2137 oblongis

115 2145 285 2189 obtusis
306 2147 349 2188 in
375 2146 581 2200 petiolum
607 2146 783 2188 brevem
808 2145 1042 2187 attenuatis
1069 2145 1248 2197 integris
1272 2144 1338 2185 vel
1365 2143 1458 2185 basi
1482 2143 1670 2186 dentatis
1689 2155 1819 2197 supe-

117 2204 309 2248 rioribus
327 2205 555 2248 sessilibus
579 2205 740 2247 sensim
767 2204 992 2246 diminutis
1014 2203 1252 2246 linearibus
1276 2203 1457 2256 integris
1481 2203 1607 2256 longe
1630 2205 1819 2244 setaceo-

117 2264 592 2315 mucronatis,summis
611 2262 692 2305 sub
709 2263 894 2316 capitulo
911 2263 956 2304 in
973 2262 1149 2305 aristam
1175 2265 1386 2304 setaceam
1409 2261 1598 2308 mutatis,
1620 2260 1819 2314 capitulis

117 2322 410 2365 mediocribus
428 2323 581 2375 ovatis,
599 2321 815 2364 involucri
833 2321 935 2364 ssavi
959 2321 1115 2375 phyllis
1139 2321 1312 2363 omnino
1332 2319 1817 2363 membranaceo-coria-

119 2381 206 2423 ceis
233 2381 480 2425 numerosis
504 2380 1031 2433 triangulari-lanceolatis
1055 2379 1208 2422 crebre
1232 2383 1275 2421 et
1300 2380 1423 2432 longe
1449 2378 1661 2433 pinnatim
1685 2378 1817 2432 pecti-

118 2440 396 2483 nato-ciliatis
418 2440 460 2482 in
484 2440 660 2493 aristam
686 2439 1003 2492 spinescentem
1029 2439 1137 2480 ciliis
1164 2437 1415 2481 validiorem
1439 2441 1481 2480 et
1498 2437 1631 2492 duplo
1654 2436 1818 2489 longio-

119 2510 214 2541 rem
237 2499 518 2549 abeuntibus,
534 2499 700 2541 intimis
722 2497 971 2540 lanceolatis
996 2498 1132 2540 acutis
1152 2498 1347 2550 integris,
1369 2496 1561 2539 flosculis
1585 2495 1714 2538 luteis
1733 2506 1818 2537 non

118 2557 407 2609 radiantibus,
422 2558 612 2599 acheniis
631 2557 780 2612 parvis
799 2556 908 2599 albis
926 2556 1089 2607 nitidis,
1106 2555 1238 2610 pappi
1263 2555 1521 2597 rufescentis
1545 2553 1819 2607 subplumosi

118 2616 233 2659 serie
259 2616 517 2658 intermedia
544 2617 721 2659 achenio
746 2615 1038 2668 sublongiore,
1071 2615 1223 2656 intima
1255 2614 1430 2656 achenio
1457 2613 1588 2666 triplo
1616 2612 1819 2655 breviore

120 2675 226 2717 setis
252 2675 460 2718 tenuibus
491 2680 554 2726 Θ.
584 2673 864 2727 Stizolopleus
890 2672 1272 2725 balsamitoefolius
1301 2671 1419 2714 Cass.

166 2741 270 2776 Hah.
294 2742 396 2777 inter
420 2741 576 2777 frutices
595 2740 645 2776 ad
663 2741 812 2776 radices
829 2740 975 2775 montis
1002 2738 1239 2784 Kitirlidagh
1263 2748 1382 2784 prope
1407 2737 1594 2773 Brussam
1620 2735 1820 2782 Bithyniae

117 2787 324 2833 (Pichlerl)
346 2789 386 2824 in
408 2789 559 2835 campis
576 2790 613 2824 et
631 2788 760 2824 vineis
780 2787 941 2823 Isauriae
960 2795 1079 2832 prope
1103 2785 1379 2821 Bounarbachi
1400 2784 1541 2828 (Heldr
1555 2785 1594 2828 ἱ),
1617 2783 1819 2818 Cataoniae

116 2834 166 2870 ad
185 2835 415 2880 Bazardjick
433 2835 531 2871 Owa
549 2838 586 2871 et
604 2834 901 2882 Mesopotamiae
918 2832 1115 2878 (Hausskl
1136 2833 1218 2868 Noe
1230 2834 1267 2876 l),
1286 2831 1546 2878 Cappadociae
1567 2831 1616 2866 ad
1639 2830 1818 2876 Euphra-

118 2883 196 2917 tem
216 2882 358 2926 (Auch.
378 2882 523 2926 3166!)‚
548 2881 691 2918 Persiae
718 2880 1123 2917 austro-occidentalis
1151 2880 1191 2914 in
1220 2879 1390 2914 Susiana
1414 2878 1628 2923 (Hausskl)
1646 2880 1682 2913 et
1699 2886 1820 2923 prope

118 2927 276 2964 Schiraz
304 2929 396 2975 (Ky.
420 2929 485 2964 451
498 2931 534 2973 !)‚
555 2929 752 2964 Armeniae
777 2928 947 2964 Rossicae
971 2927 1134 2972 (Szovl),
1152 2926 1295 2962 Persiae
1316 2925 1484 2961 borealis
1503 2926 1603 2960 inter
1621 2924 1764 2960 Tabris
1783 2924 1821 2958 et

117 2974 297 3012 Teheran
317 2978 353 3012 et
372 2986 483 3023 prov.
501 2975 731 3012 Khorassan
748 2975 896 3021 (Bgel).
917 2974 973 3010 Fl.
990 2973 1066 3010 Jul.
