2090 3291
275 237 345 274 664
1006 248 1253 275 composrrAE.
1739 242 1982 282 Centaurea.

322 316 493 362 Pedalis,
514 315 610 352 folia
628 315 917 364 4--6-pollicar1a
942 320 1145 364 segmento
1173 319 1370 355 terminali
1388 320 1408 355 1
1426 320 1719 368 {la-3-pollicari‚
1739 323 1910 370 capitula
1929 326 1991 362 eis

278 363 315 399 C.
335 363 577 410 erynyz'oz'dis
595 365 633 398 et
650 365 826 399 affinium
847 365 995 411 maj0ra
1014 365 1139 411 spinis
1160 365 1421 402 validissimis
1444 367 1492 403 15
1510 368 1635 404 lineas
1662 368 1802 415 longis.
1829 370 1985 417 Species

276 411 327 446 ab
341 411 528 446 omnibus
550 410 640 446 aliis
660 411 788 457 gregis
808 410 1097 458 Cerynyz'oz'dz's
1116 412 1361 449 florescentia
1377 414 1549 451 serotina
1566 418 1604 452 et
1617 415 1724 453 foliis
1741 417 1816 453 sub
1831 418 1988 454 anthesi

275 457 481 493 emarcidis
507 458 820 494 distinctissima.

344 582 434 622 109.
471 579 523 622 C.
559 578 745 633 Lydia
778 580 938 635 (Boiss.
964 581 1115 634 Diagn.
1143 581 1237 624 Ser.
1261 582 1293 634 Ι,
1316 583 1356 635 4,
1382 595 1422 636 p.
1447 583 1521 639 20)
1546 596 1674 637 parce
1697 585 1986 628 arachne-idea

280 639 449 691 viridis,
477 640 676 682 caulibus
713 639 874 682 crassis
901 639 999 682 folia
1029 640 1232 684 radicalia
1258 654 1343 683 non
1379 642 1445 683 vel
1479 655 1634 696 parum
1673 645 1987 698 superantibus

278 700 321 741 in
346 709 491 740 ramos
511 710 669 751 paucos
692 700 881 741 sulcatos
899 699 1232 753 monocephalos
1256 700 1421 750 divisis,
1439 701 1552 743 foliis
1579 702 1843 746 radicalibus
1862 716 1987 746 rosu-

281 757 378 800 latis
412 755 876 810 lyrato-pinnalisectis
903 758 1140 810 segmentis
1167 759 1306 801 ovatis
1345 759 1411 802 vel
1449 760 1646 813 oblongis
1681 762 1887 815 repandis
1917 763 1987 805 vel

281 814 470 858 dentatis
494 815 711 857 terminali
739 815 871 869 triplo
894 816 1045 869 majori
1076 817 1330 860 lateralibus
1359 817 1990 871 subdecurrentibus‚rachide

279 887 365 917 non
394 873 596 926 lobulata,
624 875 824 928 capitulis
850 876 1017 927 magnis
1043 876 1141 919 folio
1166 888 1336 919 summo
1362 877 1597 921 lanceolato
1619 889 1734 932 saepe
1757 879 1989 923 bracteatis

280 933 434 984 ovatis,
460 932 674 975 involucri
702 933 849 987 pallidi
876 934 1000 976 nitidi
1025 935 1184 988 phyllis
1209 935 1384 977 omnino
1409 937 1611 979 scariosis
1630 937 1755 979 valde
1781 937 1989 982 coriaceis

279 991 418 1035 ovatis
448 992 574 1045 longe
605 992 1001 1046 pectinato-ciliatis
1036 993 1200 1036 infimis
1234 994 1277 1036 in
1305 995 1474 1048 spinam
1504 995 1682 1038 brevem
1712 996 1988 1040 intermediis

278 1052 323 1093 in
362 1051 530 1104 spinam
576 1051 856 1093 lanceolatam
898 1052 1214 1095 validissimam
1256 1053 1528 1106 spinulosani
1565 1054 1755 1107 patulam
1782 1055 1988 1098 flosculos

281 1108 439 1163 pallide
477 1121 627 1152 roseos
651 1113 897 1163 aequantem
920 1111 1198 1161 abeuntibus,
1227 1112 1392 1155 intimis
1418 1112 1663 1155 inermibus
1689 1114 1808 1167 apice
1836 1117 1991 1156 rotun-

282 1167 393 1211 datis
415 1169 615 1211 concavis
641 1168 845 1220 denlatis,
864 1169 1055 1213 acheniis
1079 1171 1434 1224 pubescentibus,
1454 1172 1582 1226 pappi
1607 1172 1721 1215 serie
1749 1173 1991 1226 penultima

280 1227 457 1269 achenio
486 1228 619 1281 duplo
648 1227 857 1281 longiore,
885 1227 1094 1271 interiore
1117 1230 1296 1273 achenio
1323 1229 1540 1284 subduplo
1564 1231 1767 1274 breviore
1805 1238 1865 1279 26.

330 1311 432 1346 Hah.
456 1311 495 1345 in
515 1310 719 1346 montibus
740 1311 841 1346 circa
859 1311 1084 1355 Smyrnam,
1103 1311 1347 1357 Bournabat,
1368 1312 1556 1358 Kadjilar,
1579 1313 1730 1349 Tartali
1750 1314 1881 1358 (Boiss
1894 1315 1930 1358 l),
1948 1314 1990 1349 in

281 1357 667 1452 ffiggtgaeerlgamanlar
686 1358 804 1404 Dagh
837 1358 976 1404 (Ball),
1008 1359 1047 1394 in
1074 1359 1266 1405 Bithynia
1294 1360 1397 1396 circa
1428 1360 1646 1396 Broussam
1679 1361 1808 1406 (Frivl
1843 1361 1918 1396 suh
1951 1359 1990 1397 C.

327 1468 597 1515 Semipedalis,
619 1469 793 1516 capitula
812 1480 933 1505 ovum
954 1480 1122 1516 parvum
1141 1470 1218 1505 fere
1238 1471 1449 1517 aequantia,
1470 1471 1588 1507 iacies
1609 1470 1646 1507 C.
1677 1470 1837 1507 Urvillez'
1852 1471 1990 1508 deina·

281 1515 438 1552 eanthce
469 1518 506 1551 et
536 1517 712 1552 affinium
732 1528 753 1552 a
774 1517 919 1563 quibus
950 1517 1078 1553 differt
1107 1517 1258 1600 plsiyllis
1289 1528 1368 1553 non
1400 1529 1568 1564 superne
1599 1520 1752 1553 tantum
1777 1518 1845 1553 sed
1864 1518 1991 1555 abasi

280 1563 465 1599 scariosis
491 1564 674 1599 coriaceis
696 1564 880 1600 eburneis
902 1564 981 1600 iere
1008 1568 1051 1601 ut
1078 1565 1119 1600 in
1175 1591 1181 1598 .
1203 1563 1372 1602 Achaici.
1405 1564 1528 1612 Spina
1551 1565 1770 1601 terminalis
1798 1566 1883 1601 basi
1909 1565 1990 1602 lata

281 1621 386 1657 saepe
403 1611 515 1647 12-15
531 1611 657 1646 lineas
678 1611 808 1657 longa.

344 1734 439 1775 110.
475 1732 530 1776 C.
565 1732 893 1789 cyrtolepis
927 1733 1107 1788 (Ledeb.
1126 1733 1187 1776 Fl.
1212 1734 1335 1777 Ross.
1360 1734 1413 1786 ΙΙ,
1433 1747 1476 1787 p.
1500 1733 1602 1788 709)
1628 1746 1757 1788 parce
1781 1746 1990 1778 araneosa

279 1792 453 1835 tandem
480 1793 773 1845 glabrescens,
795 1793 916 1835 caule
940 1793 1050 1836 elato
1072 1792 1238 1836 sulcato
1262 1804 1390 1847 parce
1413 1796 1456 1835 et
1476 1794 1626 1835 stricte
1647 1806 1832 1846 ramoso,
1857 1794 1991 1838 ramis

283 1851 620 1905 monocephalis‚
645 1851 755 1894 soliis
780 1852 1067 1895 radicalibus.
1086 1882 1096 1893 .
1116 1884 1146 1902 .,
1166 1853 1349 1895 caulinis
1370 1852 1875 1906 lyrato-pinnatipartitis
1899 1852 1989 1896 laci-

282 1910 365 1952 niis
395 1910 649 1953 lateralibus
686 1911 893 1965 utrinque
931 1912 1005 1953 02-3
1035 1910 1407 1964 lineari-oblongis
1441 1911 1620 1953 minutis
1649 1911 1990 1955 decurrentibus

285 1969 504 2012 terminali
521 1969 703 2023 oblonga
717 1969 905 2019 dentata,
923 1970 1032 2012 foliis
1046 1970 1230 2012 summis
1243 1971 1325 2013 sub
1338 1970 1525 2024 capitulo
1540 1969 1780 2012 linearibus
1794 1970 1990 2024 integris,

281 2028 481 2082 capitulis
522 2029 690 2082 magnis
733 2028 1091 2084 hemisphaericis,
1119 2029 1335 2072 involucri
1371 2029 1509 2083 glabri
1547 2029 1633 2071 albi
1670 2028 1793 2072 nitidi
1831 2029 1990 2084 phyllis

281 2087 485 2129 coriaceis
506 2088 904 2131 ovato-orbiculatis
929 2088 1039 2130 ciliis
1065 2100 1219 2131 eorum
1243 2088 1454 2131 diametro
1476 2087 1819 2143 subaequilongis
1837 2088 1991 2132 crebre

281 2146 509 2200 pectinatis
535 2148 661 2201 spina
684 2147 745 2190 eis
770 2146 902 2200 duplo
929 2147 1122 2201 longiore
1147 2146 1333 2202 abrupte
1360 2146 1620 2198 terminatis,
1643 2146 1810 2189 intimis
1829 2158 1991 2201 appen-

281 2205 373 2247 dice
400 2205 612 2248 cucullata
649 2206 791 2260 ampla
825 2205 1084 2249 brevissime
1121 2205 1299 2249 dentata
1325 2206 1562 2260 superatis,
1599 2206 1792 2248 flosculis
1830 2205 1988 2259 roseis,

279 2263 410 2318 pappi
436 2264 541 2307 setis
568 2265 843 2308 intermediis
872 2265 1050 2308 achenio
1076 2264 1434 2318 sublongioribus
1469 2271 1506 2312 ‘36
1522 2298 1529 2306 .

327 2337 429 2372 Hah.
454 2338 495 2372 in
514 2338 701 2374 Armenia
726 2338 888 2374 Rossica
915 2338 964 2374 ad
989 2338 1087 2375 fines
1107 2338 1291 2375 Turcicas
1323 2338 1502 2383 (Nordm.
1531 2338 1573 2374 in
1601 2337 1709 2373 herb.
1738 2336 1921 2384 Ledebl)‚
1949 2337 1990 2374 in

281 2384 467 2420 Anatolia
483 2384 633 2421 boreali
650 2384 737 2421 loco
756 2396 834 2421 non
857 2387 994 2422 notato
1013 2385 1144 2431 (Wied
1157 2387 1198 2431 l).

326 2447 527 2493 Bipedalis
548 2449 714 2493 videtur,
744 2450 918 2496 capitula
937 2449 1129 2486 diametro
1161 2449 1483 2496 sesquipollicem
1514 2449 1596 2484 lata
1625 2447 1742 2484 valde
1769 2447 1916 2483 similia
1934 2448 1990 2485 eis

282 2492 322 2530 C.
346 2494 549 2532 Nz‘mrodz's
579 2496 729 2543 phyllis
749 2497 956 2543 purpureis
976 2497 1017 2532 in
1036 2497 1193 2544 spinam
1210 2496 1336 2533 multo
1354 2496 1579 2532 breviorem
1600 2498 1637 2531 et
1651 2495 1869 2547 tenuiorem
1889 2496 1989 2531 atte-

280 2542 413 2577 nuatis
451 2542 628 2578 diversae.
669 2543 903 2589 Phyllorum
944 2544 1189 2580 internorum
1223 2544 1458 2591 appendices
1501 2543 1542 2579 in
1585 2542 1623 2579 C.
1658 2541 1897 2589 eyrtolepzde
1932 2541 1988 2577 eis

281 2589 461 2625 omnium
482 2591 611 2636 gregis
630 2590 841 2638 ampliores
861 2594 954 2628 sunt
980 2591 1107 2638 magis
1125 2590 1332 2627 cucullatae
1351 2594 1388 2627 et
1403 2590 1640 2627 brevissime
1659 2588 1988 2626 dentato-lacerae.

346 2715 440 2756 111.
475 2714 531 2758 C.
561 2714 867 2759 Nimrodis
899 2714 1061 2770 (Boiss.
1088 2717 1131 2757 et
1151 2713 1369 2769 Haussk.)
1404 2725 1535 2769 parce
1568 2711 1783 2768 papillosa
1817 2711 1985 2765 virens,

282 2773 403 2816 caule
426 2773 719 2816 crassiusculo
737 2774 889 2817 humili
910 2775 1061 2817 stricte
1083 2777 1127 2817 et
1150 2773 1406 2828 corymbose
1434 2771 1723 2825 3-4-cephalo,
1741 2770 1855 2812 foliis
1872 2770 1986 2812 radi-

281 2831 446 2874 calibus
482 2833 700 2886 petiolatis
741 2833 895 2887 lyratis
932 2833 1171 2887 segmentis
1206 2831 1462 2875 lateralibus
1491 2830 1641 2886 parvis
1681 2828 1987 2882 subpetiolatis

282 2890 683 2945 obovato-oblongis
706 2892 925 2934 terminali
951 2904 1106 2945 magno
1133 2891 1318 2945 oblongo
1345 2890 1622 2937 subdenlato,
1648 2887 1761 2931 foliis
1788 2888 1987 2942 superio-

282 2948 405 2991 ribus
444 2949 593 3003 parvis
632 2951 843 3004 oblongis,
886 2951 1087 3004 capitulis
1123 2950 1291 3003 magnis
1332 2947 1677 3004 hemisphaericis
1715 2945 1988 3000 longiuscule

283 3006 603 3061 pedunculatis,
630 3009 845 3052 involucri
877 3008 1039 3064 phyllis
1078 3007 1455 3063 glabrescentibus
1491 3004 1986 3058 ovato-triangularibus
