2066 3311
88 211 358 261 Hypoclzaeris.
816 222 1064 250 couposrrAE.
1721 217 1793 254 785

91 294 321 350 plexicauli
361 295 619 346 lanceolam,
664 294 868 348 capitulis
910 295 1091 349 magnis,
1135 296 1352 340 involucri
1400 296 1583 341 setulosi
1624 299 1788 354 phyllis

88 353 295 397 omnibus
329 353 523 408 margine
560 353 758 408 integriS‚
792 353 984 397 acheniis
1019 356 1239 410 rugulosis
1274 356 1476 400 omnibus
1506 358 1710 401 rostratis
1747 362 1791 402 et

91 424 233 469 pappo
256 413 458 467 plumoso
484 413 704 467 superatis
739 418 798 461 26.
822 413 879 456 Ic.
905 412 1040 457 Rchb.
1068 413 1153 456 tab.
1176 415 1247 457 45.

138 485 239 521 Hah.
258 485 299 520 in
319 486 474 532 pascuis
493 485 691 521 montanis
709 485 856 521 montis
874 484 1268 533 OrbelilMacedoniae
1288 487 1491 534 (Griseb.)‚
1508 489 1550 524 in
1568 489 1792 537 subalpinis

87 533 256 569 Caucasi
272 531 501 569 4500‘-6000'
519 532 626 577 (CA.
645 532 767 579 Moy).

138 598 204 634 Δι’.
222 598 359 643 ῦεοςτ.
376 597 536 644 Europa
553 596 724 633 borealis
739 599 778 633 et
794 596 927 633 media
941 607 965 633 a
982 597 1258 644 scandinavia,
1266 598 1461 646 Hispania
1473 602 1512 635 et
1522 599 1635 636 Italia
1650 601 1791 638 mediis

91 644 143 681 ad
155 644 352 689 Rossiam,
369 643 515 680 Sibiria
535 644 676 680 omnis.

151 777 190 818 5.
238 775 302 818 H.
346 773 690 827 tenuissora‚
732 774 970 829 perennis?
1007 788 1146 828 nana,
1183 777 1296 819 foliis
1338 777 1540 821 omnibus
1582 779 1789 822 rosulatis

91 834 549 888 oblongo—lanceolatis
578 833 788 887 adpressc
810 833 1010 888 pilosulis
1035 835 1555 890 runcinato-pinnatifidis
1582 837 1679 880 loho
1702 841 1789 880 ter-

91 893 238 936 niinali
270 893 478 947 longiore,
507 893 649 947 scapis
674 892 883 936 tenuibus
913 894 1236 949 monocephalis
1264 895 1364 939 folia
1397 896 1471 937 vix
1498 896 1632 952 duplo
1659 909 1791 952 supe-

90 951 306 998 rantibus.
330 952 531 1007 capitulis
557 952 721 1006 parvis,
747 951 965 995 involucri
991 953 1151 1008 phyllis
1178 955 1327 1008 paucis
1352 953 1590 999 imbricatis
1614 955 1789 998 lineari-

89 1011 340 1054 lanceolatis
387 1010 553 1055 obtusis
590 1010 960 1065 albo-puberulis
998 1012 1178 1067 basique
1217 1025 1348 1067 parce
1390 1013 1575 1067 crinitis,
1598 1014 1790 1057 acheniis

87 1069 282 1113 tenuiter
308 1070 531 1124 rugulosis
558 1069 853 1113 exterioribus
883 1070 1004 1125 apice
1030 1071 1352 1117 subattenuatis
1376 1072 1564 1116 internis
1598 1073 1791 1116 breviter

86 1129 552 1179 attenuato-rostratis,
591 1140 732 1183 pappo
758 1128 950 1172 omnium
983 1129 1183 1184 plumoso
1228 1137 1287 1179 36.
1322 1129 1529 1174 Robcrtia
1555 1131 1792 1185 tenuiflora

93 1186 230 1230 Boiss.
256 1187 408 1242 Diagn.
436 1186 529 1230 Ser.
556 1187 590 1239 Ι,
621 1189 686 1238 11,
709 1199 748 1242 p.
779 1187 847 1230 35.

84 1260 294 1355 flobdoabRin
313 1262 471 1355 iiegiipne
489 1261 702 1308 subalpina
712 1261 913 1309 superiore
931 1263 1077 1299 montis
1092 1263 1334 1301 Hellenoseli
1348 1275 1459 1313 prov.
1477 1265 1653 1313 Sphakia
1666 1266 1790 1303 Cretae

83 1327 85 1329 ·
267 1319 315 1344 au
335 1319 377 1345 in
416 1337 423 1344 .

135 1371 248 1408 Folia
264 1373 282 1407 1
303 1373 344 1416 ¹l²
363 1371 547 1419 pollicem
561 1372 681 1418 longa
697 1371 762 1409 2-3
775 1372 902 1409 lineas
920 1373 1010 1418 lata,
1027 1374 1200 1422 capitula
1217 1376 1273 1411 eis
1292 1375 1487 1414 Robertiae
1511 1378 1789 1415 taraxacoidzzs

84 1419 253 1455 minora.
278 1419 379 1455 Huic
398 1420 529 1466 generi
548 1419 656 1467 prius
676 1420 1028 1461 adnumeraveram
1047 1422 1115 1458 sed
1134 1422 1185 1458 ab
1201 1432 1247 1459 eo
1265 1423 1459 1460 involucri
1476 1425 1627 1472 phyllis
1652 1426 1788 1462 imbri-

86 1466 187 1502 catis
211 1477 281 1503 nec
301 1466 582 1503 uniserialibus
607 1469 709 1503 certe
731 1466 870 1503 differt.
896 1468 1053 1515 Species
1078 1479 1127 1505 ex
1155 1471 1269 1506 unico
1293 1471 1508 1518 specimine
1532 1472 1724 1520 descripta
1751 1477 1790 1509 et

90 1512 253 1550 ulterius
273 1514 523 1561 inquirenda.

648 1659 862 1709 sumum
882 1661 952 1721 (L.
979 1661 1078 1710 Gen.
1104 1662 1226 1725 927).

146 1811 394 1867 Capitulum
442 1810 742 1854 multiflorum.
791 1810 1069 1855 lnvolucrum
1118 1811 1397 1856 imbricatum
1443 1814 1783 1858 subuniseriale.

85 1870 423 1926 Receptaculum
462 1869 598 1923 palcis
636 1870 812 1912 demum
853 1869 1048 1914 deciduis
1089 1876 1309 1916 onustum.
1351 1872 1543 1916 Achcnia
1582 1875 1787 1928 rugulosa

86 1931 258 1973 interna
280 1929 323 1971 in
352 1932 544 1972 rostrum
568 1929 690 1982 longe
707 1931 889 1971 externa
913 1928 1109 1973 breviter
1132 1933 1367 1975 attenuata,
1391 1932 1567 1986 Pappus
1589 1933 1788 1977 achenio-

89 2002 191 2033 rum
203 1988 462 2033 centralium
484 1987 788 2030 subbiserialis
804 1988 941 2030 radiis
963 1989 1158 2033 externis
1183 1990 1453 2034 brevissimis
1474 1991 1788 2046 setiformibus,

84 2048 272 2091 internis
300 2047 382 2090 sub
410 2047 461 2089 10
489 2047 700 2101 plumosis
730 2045 823 2089 basi
859 2047 1287 2102 paleaceo·dilatatis‚
1319 2050 1600 2093 acheniorum
1626 2052 1785 2106 margi·

84 2106 251 2150 naliuni
276 2106 436 2160 saepius
461 2106 608 2148 nullus
634 2106 704 2149 vel
733 2106 972 2150 abortivus.
998 2130 1053 2137 -—-
1078 2107 1247 2152 Herbae.
1282 2132 1342 2140 -
1375 2108 1526 2152 Genus
1554 2109 1607 2151 ab
1640 2110 1787 2164 Hypo-

87 2164 276 2208 claoeride
302 2176 443 2220 pappo
470 2164 764 2219 pauciradiato
791 2165 885 2208 basi
911 2165 1089 2210 dilatato
1111 2170 1282 2212 tantum
1305 2168 1573 2211 distinctum.

150 2309 188 2350 1.
226 2305 278 2349 S.
307 2304 657 2348 AEthnensis
690 2303 756 2359 (L.
798 2304 870 2361 Sp.
916 2307 1048 2362 1139)
1086 2320 1245 2361 annua,
1286 2310 1486 2353 caulibus
1522 2309 1678 2352 erectis
1719 2311 1789 2353 vel

81 2364 426 2409 ascendentibus
453 2362 659 2406 tenuibus
691 2375 822 2419 parce
854 2368 897 2408 et
922 2365 1194 2409 divaricatim
1219 2368 1399 2412 surcatis
1421 2369 1568 2411 rarius
1592 2380 1790 2412 monoce-

86 2425 228 2480 phalis
251 2421 414 2477 glabris
439 2423 600 2476 saepius
621 2422 761 2474 hirtis,
778 2423 891 2467 foliis
915 2424 1044 2468 hirtis
1064 2425 1328 2470 radicalibus
1345 2426 1554 2470 rosulatis
1576 2431 1703 2470 ovato
1720 2429 1788 2470 vel

86 2481 554 2537 oblongo-spathulatis
582 2482 788 2536 repandis
821 2483 891 2526 vel
920 2482 1108 2527 dentatis
1141 2484 1431 2539 inpetiolum
1468 2486 1646 2528 brevem
1681 2489 1790 2529 atte-

80 2543 248 2595 amatis,
274 2540 456 2584 caulinis
483 2540 985 2594 semiamplexicaulibus
1010 2542 1172 2597 saepius
1196 2544 1321 2587 valde
1347 2544 1573 2587 diminutis
1602 2545 1670 2587 vcl
1691 2546 1788 2587 nul-

87 2601 172 2653 lis,
212 2598 471 2655 pedunculis
520 2598 658 2652 longis
700 2612 784 2643 non
823 2600 1107 2655 incrassatiS,
1142 2601 1360 2646 involucri
1402 2603 1494 2646 fere
1536 2604 1786 2647 uniserialis

90 2659 250 2713 phyllis
280 2658 403 2712 longe
439 2660 482 2700 et
509 2656 656 2711 patule
691 2659 1044 2714 setoso-hispidis
1080 2659 1186 2703 setis
1222 2661 1316 2704 basi
1349 2661 1600 2705 incrassatis
1639 2667 1704 2713 Θ.
1730 2664 1785 2705 Ic.

87 2717 223 2761 lumb.
259 2717 345 2761 tal).
388 2717 457 2758 44.
497 2741 552 2745 —
585 2716 648 2759 Fl.
686 2716 821 2760 Graec.
856 2718 940 2761 tab.
979 2719 1081 2761 815.
1120 2742 1172 2750 —
1209 2719 1498 2774 Hypochoeris
1533 2720 1788 2764 serioloides

91 2777 249 2821 Bertol.
278 2775 397 2818 Misc.
427 2774 480 2824 ΙΙ,
506 2775 591 2817 236
616 2787 669 2817 ex
688 2776 893 2832 descript.

134 2849 240 2886 Hah.
268 2849 308 2884 in
332 2850 483 2895 asperis
507 2851 545 2884 et
566 2848 723 2884 incultis
741 2850 911 2896 regionis
929 2851 1127 2888 calidioris
1145 2853 1308 2889 Graeciae
1339 2856 1377 2890 et
1396 2854 1645 2900 Cycladum,
1663 2855 1788 2891 Cretae

83 2896 421 2989 gfffg½‚w⁷eiss¹)'
443 2895 622 2941 Byzantii
638 2896 789 2942 (Noe'!)‚
807 2897 939 2934 Rhodi
957 2898 1158 2946 (Bourg!)‚
1184 2900 1382 2937 Armeniae
1405 2902 1474 2946 (ex
1499 2902 1622 2938 Auch.
1651 2902 1788 2940 Sched.

131 3009 196 3044 Ar.
224 3006 358 3052 deogr.
386 3006 509 3052 Regio
529 2998 816 3044 Mediterranea
833 3007 955 3044 totius
972 3008 1140 3057 Europae
1158 3012 1197 3046 et
1218 3011 1359 3046 Africae
1377 3011 1562 3048 borealis.

1528 3074 1578 3112 50
