2090 3291
241 236 311 274 652
969 240 1212 267 COMPOSITAE.
1694 227 1932 266 Centaurea.

290 315 390 351 Hab.
410 315 450 349 in
468 312 625 348 Oriente
645 312 722 347 fere
740 310 994 355 tcto,Graecia
1011 312 1182 356 excepta,
1192 311 1287 355 typo
1307 307 1458 355 phyllis
1477 308 1631 344 subine1
1641 307 1773 344 mibus
1792 308 1941 343 donato

243 362 366 397 multo
385 360 593 406 vulgatior,
607 359 645 394 in
667 358 847 401 collibus,
868 357 982 392 cultis
1002 356 1208 400 derelictis,
1226 355 1411 392 Anato.ia
1427 355 1600 391 borealis
1619 354 1798 400 (Wiedl),
1817 354 1937 401 Lyca-

243 403 975 490 ΑἺΠΡὲἒὲθτῗΐέὶῖῗῖἇᾟὲἐὲξὲὲᾶἳρ
1001 403 1282 494 ἓᾶοὲἑῗιῗῗιέῗῗ
1300 402 1480 494 ἓξὲῗξῖὂ
1492 401 1631 495 (ἓξὲξ
1643 400 1942 493 afflatis&

243 465 426 547 plraneties
441 500 543 535 elata
559 499 658 534 inter
671 497 920 533 Antiochiam
935 499 972 532 et
982 497 1134 543 Aleppo
1151 477 1330 541 (Boissl),
1346 478 1562 542 Caelesy'rria
1575 495 1698 539 (Gaill
1710 497 1748 541 l),
1763 475 1943 542 Mesopo-⁷

240 547 363 584 tamia
379 547 427 581 ad
446 544 658 581 Diarbekir
671 545 765 590 (Ky.
781 544 896 589 2591),
912 553 1026 579 mons
1037 544 1144 579 Gara
1155 542 1655 588 Kurdistaniae(1{y.303!)‚
1668 545 1823 578 montes
1838 542 1938 577 Kur-

242 593 421 630 distaniae
439 592 580 628 Persiae
602 592 780 627 finitimae
805 590 1035 626 3000’-5000’
1054 590 1282 634 (Hausskl),
1305 592 1459 626 montes
1485 592 1643 625 Sawers
1661 592 1698 625 et
1722 589 1814 625 Kuh
1840 589 1944 624 Gelu

239 641 381 677 Persiae
401 639 668 675 austro-occid.
694 636 923 674 3000’-9000‘
943 636 1166 681 (Hausskl),
1184 637 1318 672 Persia
1335 637 1417 672 bor.
1442 647 1463 672 a
1488 647 1597 684 prov.
1622 636 1867 682 Aderbidjan
1891 635 1944 671 ad

239 688 426 722 ditionem
458 685 684 721 Khorassan
713 685 863 729 (Buhse
876 685 895 728 l,
928 684 1009 728 Bge
1022 686 1066 729 l),
1094 683 1404 719 Transcaucasia
1430 683 1481 719 ad
1513 683 1722 730 Caspium,
1753 682 1945 718 Armenia

243 734 408 769 Rossica
435 733 530 767 ditio
557 731 730 777 Talysch
759 730 931 775 (C.A.Ml
964 731 1134 776 Hobenl,
1159 729 1308 775 Szovl),
1329 730 1594 767 Turkestania
1620 730 1671 765 ad
1696 729 1944 766 Samarkand

241 783 278 816 et
296 781 334 815 in
356 782 487 815 monte
507 779 680 814 Karatau
700 778 888 822 (Lehml),
911 777 1121 823 Affghania
1140 777 1261 822 (Griff
1270 779 1306 822 l).

291 842 445 889 Species
466 841 625 887 elegans
647 840 796 887 phyllis
822 840 863 875 in
887 840 1043 887 spinam
1069 839 1159 893 plus
1182 840 1314 876 minus
1332 840 1493 886 longam
1511 843 1676 875 erectam
1701 839 1767 876 vel
1789 839 1948 886 patulo-

238 899 442 925 recurvam
460 888 698 923 abeuntibus
716 888 895 933 ciliisque
920 886 1009 934 plus
1028 897 1159 922 minus
1177 886 1308 933 longis
1327 887 1442 923 valde
1462 887 1677 932 variabilis,
1703 887 1755 923 ab
1773 887 1881 922 affini
1903 885 1941 922 C.

241 933 388 982 dzffusc'i
413 935 598 970 distincta
621 934 854 970 indumento
875 934 1022 981 saepius
1046 934 1264 980 copioriori,
1285 934 1411 981 spinis
1433 933 1691 979 tenuioribus,
1716 933 1817 970 ciliis
1841 933 1946 970 albis

240 983 424 1019 tenuibus
444 992 514 1017 nec
531 981 687 1017 flavidis
707 980 1050 1027 spinuliformibus
1075 981 1306 1017 intertextis.

286 1048 346 1083 Ar.
368 1048 498 1092 Geogr.
525 1046 669 1082 Sibiria
688 1045 890 1081 Uralensis
908 1047 946 1081 et
966 1045 1130 1080 Altaica.

305 1169 372 1210 81.
407 1168 462 1212 C.
497 1167 911 1223 leptocephala
937 1167 1100 1222 [Boiss.
1130 1167 1282 1221 Diagn.
1321 1167 1414 1210 Ser.
1450 1169 1484 1219 I,
1518 1169 1582 1221 lO,
1607 1181 1647 1223 p.
1689 1166 1790 1222 110)
1815 1178 1947 1221 parce

242 1239 453 1269 araneosa
491 1238 645 1280 aspera
682 1226 842 1280 pallide
882 1226 1043 1273 virens,
1080 1225 1276 1268 caulibus
1312 1226 1463 1280 rigidis
1500 1226 1715 1280 augulatis
1751 1237 1945 1280 superne

242 1286 336 1327 laxe
380 1285 940 1339 coryniboso-paniculatis,
982 1285 1094 1326 foliis
1131 1284 1284 1338 rigidis
1320 1285 1603 1328 inferioribus
1635 1285 1680 1328 in
1719 1288 1944 1338 segmenta

242 1347 426 1396 anguste
445 1343 623 1386 linearia
643 1344 833 1386 lateralia
852 1343 1000 1387 brevia
1018 1344 1692 1398 pinnatipartitis,superioribus
1706 1343 1946 1386 linearibus

244 1402 432 1445 dentatis
456 1405 498 1445 et
524 1402 719 1456 integris,
744 1403 947 1456 capitulis
971 1402 1177 1445 solitariis
1205 1407 1386 1457 anguste
1412 1403 1663 1457 cylindricis
1693 1401 1945 1456 paucifloris

245 1461 459 1514 parvulis,
485 1461 699 1504 involucri
729 1460 931 1515 puberuli
954 1460 1111 1514 phyllis
1131 1462 1382 1504 lanceolatis
1402 1462 1605 1505 scal-iosis
1630 1461 1752 1504 duris
1776 1460 1947 1503 brevis·

245 1520 353 1561 sime
386 1522 428 1562 et
464 1531 592 1574 parce
625 1520 1017 1574 pectinato—ciliatis
1045 1520 1085 1562 in
1120 1520 1290 1574 spinam
1325 1520 1602 1564 lanceolatam
1630 1521 1946 1564 fuscesceutem

243 1590 733 1632 squarroso-recurvam
763 1578 1039 1630 abeuntibus,
1064 1578 1256 1621 flosculis
1280 1579 1520 1635 purpureis
1544 1592 1630 1622 non
1657 1578 1946 1631 radiantibus,

243 1636 432 1679 acheniis
456 1638 588 1680 calvis
611 1637 679 1691 (D.

289 1709 389 1745 Hab.
408 1711 446 1745 in
466 1710 635 1746 collibus
657 1710 858 1746 sterilibus
880 1710 1103 1746 Antilibani
1124 1713 1162 1746 et
1185 1710 1410 1758 Caelesyriae
1433 1711 1615 1756 (Boissl).

288 1772 426 1808 Affinis
450 1772 487 1808 C.
512 1773 679 1820 vz'ryatae
705 1784 783 1809 var.
810 1783 1034 1820 squar-rosta
1057 1773 1108 1808 ab
1132 1776 1178 1809 ea
1201 1773 1333 1810 differt
1356 1773 1539 1820 capitulis
1568 1773 1826 1818 tenuioribus,
1845 1773 1947 1809 ciliis

243 1820 377 1865 paucis
400 1820 584 1855 brevibus
604 1820 847 1866 phyllcrum,
863 1821 979 1868 spina
994 1821 1191 1856 terminali
1210 1821 1393 1857 validiori
1405 1820 1624 1857 lanceolata
1638 1821 1753 1857 valde
1771 1825 1947 1857 recurva.

240 1867 300 1901 An
318 1866 577 1902 nihilominus
594 1867 867 1914 polymorphae
893 1868 1035 1914 speciei
1054 1869 1251 1904 varietas?

300 1988 368 2029 82.
405 1987 457 2030 C.
486 1988 935 2043 consanguinea
956 1995 1058 2036 (oc.
1082 1989 1235 2031 Prodr.
1259 1989 1330 2041 VI,
1358 2001 1397 2043 p.
1428 1990 1533 2044 585)
1560 1989 1769 2043 adpresse
1794 2000 1945 2031 canes-

242 2058 356 2094 cens
383 2047 580 2088 caulibus
598 2048 722 2089 elatis
742 2047 957 2100 angulatis
976 2061 999 2090 a
1022 2048 1114 2090 basi
1142 2048 1209 2090 vel
1239 2052 1359 2102 parte
1377 2049 1607 2102 superiore
1631 2048 1947 2090 ramosissimis

242 2104 475 2159 composite
500 2106 756 2158 paniculalis
782 2106 850 2147 vel
874 2106 1230 2160 subcorymbosis
1257 2107 1388 2149 ramis
1412 2107 1618 2149 tenuibus
1642 2107 1809 2160 rigidis,
1831 2107 1944 2149 foliis

243 2164 287 2206 in
318 2163 492 2206 lacinias
523 2164 779 2206 tenuissime
820 2164 1005 2207 lineares
1041 2166 1342 2219 pinnatisectis
1381 2166 1545 2208 infimis
1581 2165 1947 2219 bipinnatiseclis,

244 2223 403 2264 rameis
447 2222 829 2276 squamisormihus
870 2223 1078 2277 integris,
1121 2224 1324 2279 capitulis
1366 2225 1546 2267 minutiS
1582 2225 1636 2267 ad
1674 2225 1944 2267 ramulorum

242 2281 406 2334 apicem
429 2282 501 2322 3-5
528 2281 844 2324 subsessilibu's
863 2283 1104 2336 aggregatis
1119 2282 1331 2337 oblongis,
1351 2283 1568 2325 involucri
1588 2283 1766 2325 scariosi
1784 2283 1947 2337 phyllis

243 2340 381 2382 ovatis
405 2343 448 2382 et
474 2340 675 2392 ellipticis
702 2341 871 2383 obtusis
902 2342 1077 2383 muiicis
1112 2342 1155 2383 in
1191 2343 1287 2384 cilia
1314 2343 1408 2385 alba
1437 2341 1574 2397 phylli
1601 2341 1828 2385 latitudine
1853 2342 1946 2383 lou-

245 2398 362 2451 giora
402 2399 647 2452 pectinatim
692 2399 1044 2454 pinnatipartitis,
1073 2400 1266 2443 flosculis
1295 2400 1446 2456 paucis
1477 2402 1723 2455 purpureis,
1752 2400 1945 2443 acheniis

243 2457 352 2499 radii
381 2458 512 2500 calvis
540 2457 646 2500 disci
670 2457 931 2501 brevissime
952 2459 1158 2513 papposis
1194 2465 1253 2507 26.

289 2530 389 2565 Hab.
413 2530 452 2565 in
471 2530 638 2566 collibus
656 2531 765 2566 siccis
785 2531 980 2567 Anatoliae
1000 2532 1170 2568 borealis
1186 2533 1237 2568 ad
1256 2533 1445 2569 Brussam
1464 2532 1604 2578 (Auch.
1623 2533 1747 2577 3163!,
1765 2532 1948 2578 Thirkel,

242 2576 271 2612 F
273 2577 391 2613 ritsch
403 2579 427 2621 l)
446 2579 486 2613 in
505 2578 674 2614 collibus
692 2588 812 2625 prope
830 2579 1013 2615 Samsum
1033 2579 1175 2624 (Tchih
1187 2581 1226 2625 l).

288 2640 326 2677 C.
348 2642 516 2688 vz'ryatae
533 2641 648 2677 valde
668 2646 704 2677 et
722 2643 854 2678 forsan
874 2644 991 2679 nimis
1010 2644 1136 2679 affinis
1155 2643 1286 2679 differt
1311 2643 1460 2690 phyllis
1486 2643 1755 2680 obtusissimis
1784 2644 1945 2689 longius

237 2688 606 2733 pectinato-ciliatis,
625 2700 810 2726 mucrone
830 2701 852 2725 a
871 2691 970 2726 ciliis
990 2690 1173 2727 distincto
1193 2701 1355 2738 prorsus
1378 2691 1501 2726 nullo.

298 2813 365 2854 83.
393 2813 444 2855 C.
468 2816 799 2869 aggregata
828 2813 892 2869 (F.
920 2818 962 2857 et
998 2815 1049 2857 Μ.
1084 2815 1129 2857 in
1153 2828 1234 2858 n.c.
1268 2814 1422 2857 Prodr.
1456 2814 1527 2864 VI,
1556 2827 1596 2869 p.
1628 2816 1712 2857 585
1745 2818 1788 2857 et
1816 2814 1941 2857 herb.

240 2871 399 2925 Petrop
416 2871 448 2924 l)
478 2873 687 2926 adpresse
720 2884 1189 2917 araneoso-canescens
1215 2874 1282 2916 vel
1308 2886 1427 2916 cana.
1445 2873 1643 2917 caulibus
1669 2873 1827 2916 erectis
1857 2874 1942 2915 vir-

239 2929 348 2982 gatis
367 2942 558 2984 superne
576 2932 814 2985 composite
833 2932 1118 2987 corymbosis,
1133 2933 1247 2975 foliis
1265 2933 1527 2975 radicalibus
1547 2933 1700 2987 lyratis
1716 2936 1943 2986 segmento

240 2989 457 3031 terminali
493 2990 847 3033 ovato-rhombeo
889 2991 1141 3034 lateralibus
1180 2992 1376 3045 oblongis
1413 2990 1571 3034 lobulis
1604 2991 1787 3034 minutis
1824 3002 1941 3045 saepe
