2090 3291
253 216 328 252 640
987 222 1238 249 composrrAE.
1721 214 1943 252 Centaurea
1954 240 1962 248 ·

305 294 406 329 Hab.
428 293 468 328 in
488 292 663 328 arenosis
681 293 719 327 et
738 291 853 327 cultis
873 291 983 373 Capp
959 291 1136 338 padociae
1159 292 1305 336 (.Aucb
1320 292 1461 337 31702),
1480 293 1519 328 in
1543 292 1712 340 planitie
1730 293 1967 331 Karahissar

257 340 393 385 (Bali),
412 340 452 375 in
481 339 698 374 vulcanicis
728 339 776 374 ad
804 339 929 374 Evere
977 338 1069 385 (ΚΥ.
1087 339 1205 384 2110
1226 339 1383 376 Galatia
1406 340 1548 384 (Tch1h
1560 342 1597 385 1)
1617 340 1666 375 ad
1695 340 1903 377 Safranbol
1929 345 1968 378 et

254 388 355 423 Mers
360 387 467 422 iwan
487 385 682 421 Anatoliae
700 386 785 421 bor.
806 385 987 431 (Wiedl).

301 451 416 488 Raini
434 449 618 485 laterales
638 449 912 496 semipedales
932 449 1028 485 folia
1049 449 1233 485 inferiora
1262 459 1352 485 cum
1380 450 1527 497 petiolo
1548 451 1615 486 vix
1635 450 1818 497 pollicem
1846 451 1966 498 longa

252 499 293 534 5.),-
296 499 319 534 3
337 498 464 533 lineas
480 497 572 541 lata,
590 496 841 532 involucrum
860 497 881 531 4
900 497 1026 532 lineas
1044 496 1222 542 longum.

317 621 385 662 52.
422 619 474 662 C.
511 619 956 673 Ammocyanus
980 620 1146 674 (Boiss.
1173 619 1327 673 Diagn.
1356 619 1449 662 Ser.
1479 621 1510 671 Ι,
1542 621 1607 662 10.
1634 633 1673 674 p.
1705 620 1807 676 110)
1838 633 1967 675 parce

257 679 472 734 puber-ula
497 678 827 731 griseo-virens,
861 692 885 721 a
917 679 1026 721 collo
1059 691 1230 721 ramosa
1267 692 1388 721 ramo
1422 679 1606 721 centrali
1640 680 1694 721 ad
1727 680 1966 735 capitulum

260 738 412 781 sessile
449 748 563 792 saepe
603 737 782 780 reducto
818 737 1072 780 lateralibus
1108 737 1339 792 prostratis
1376 738 1627 788 raniulosis,
1667 738 1779 780 foliis
1820 739 1967 792 parvis

259 797 523 839 radicalibus
564 795 758 838 obovatis
803 796 1382 850 pinnatilobato-sublyratis
1427 797 1494 838 vel
1541 797 1744 845 dentatis,
1782 797 1966 840 caulinis

260 855 500 897 linearibus
534 854 772 909 paucilobis
805 855 988 898 summis
1022 855 1219 909 integris,
1244 855 1447 908 capitulis
1483 855 1594 898 foliis
1624 857 1693 897 1-2
1730 867 1845 910 saepe
1873 855 1964 898 basi

261 914 454 957 suffultis
478 914 876 968 parviso-blongis,
901 914 1116 957 involucri
1149 914 1289 967 glabri
1317 914 1501 957 virentis
1538 915 1696 968 phyllis
1729 914 1967 969 appendice

258 975 386 1016 ovata
421 973 546 1025 longe
575 976 619 1016 et
652 973 903 1027 pectinatim
939 973 1057 1015 albo-
1060 973 1200 1016 ciliata
1230 973 1350 1026 apice
1376 974 1639 1016 fuscescenti
1673 973 1717 1015 in
1750 973 1966 1028 spinulam

258 1035 422 1075 rectam
451 1032 569 1091 ciliis
590 1032 661 1073 vix
692 1032 931 1084 longiorem
957 1036 999 1074 et
1023 1032 1279 1075 validiorem
1305 1032 1482 1074 abeunti
1515 1033 1751 1086 superatis,
1775 1033 1968 1075 flosculis

258 1091 399 1134 roseis
440 1091 754 1144 marginalibus
789 1091 1078 1144 radiantibus,
1113 1091 1305 1133 acheniis
1343 1091 1551 1143 minimis,
1590 1092 1719 1146 pappi
1758 1091 1967 1145 pauciseti

258 1150 372 1192 serie
407 1149 669 1192 intermedia
701 1150 879 1193 achenio
907 1149 1188 1204 sublongiore
1216 1150 1389 1193 interna
1417 1162 1466 1192 eo
1494 1151 1625 1205 triplo
1662 1150 1864 1192 breviore
1897 1155 1962 1200 Θ.

307 1224 406 1259 Hal).
427 1225 464 1258 in
485 1223 663 1258 arenosis
682 1223 823 1258 deserti
842 1222 999 1258 Arabiae
1020 1225 1161 1270 petreae
1193 1223 1404 1259 Palestinae
1423 1224 1677 1259 contermina*
1696 1223 1745 1258 ad
1764 1222 1968 1258 meridiem

261 1271 371 1306 urbis
391 1271 499 1307 Gaza
517 1270 695 1315 (Boissl).
716 1270 771 1305 Fi.
791 1270 912 1317 April.

307 1334 422 1370 Rami
440 1335 537 1369 semi
569 1333 702 1369 edales
721 1333 849 1368 rarius
869 1333 1041 1380 pedales
1062 1333 1156 1369 folia
1183 1334 1369 1369 inferiora
1394 1333 1577 1380 pollicem
1597 1333 1807 1369 dimidium
1836 1333 1966 1378 longa,

258 1391 303 1416 ca
337 1381 434 1416 itula
453 1381 508 1416 eis
565 1380 833 1428 panicalatoe
853 1381 1089 1426 submajora
1112 1381 1298 1417 Proxima
1322 1380 1362 1417 C
1381 1380 1540 1428 patulae,
1561 1380 1665 1416 toliis
1684 1381 1857 1426 integris,
1878 1381 1966 1416 llos-

256 1429 451 1511 Ξιίινῗιιδῖὲι
472 1410 732 1472 radiantibus,
742 1427 944 1474 phyllisin
960 1428 1140 1475 spinulas
1155 1427 1359 1475 elongatas
1377 1428 1558 1475 patulas
1550 1438 1717 1463 inermes
1731 1427 1968 1463 abeuntibus

321 1590 389 1631 53
424 1589 480 1633 C.
518 1588 657 1631 laxa
689 1588 849 1643 (Boiss.
875 1592 917 1630 et
943 1588 1153 1644 Haussk.)
1186 1588 1352 1632 minute
1375 1592 1417 1630 et
1446 1600 1573 1642 parce
1597 1586 1966 1640 araneoso-pube-

263 1649 358 1692 rula
392 1649 551 1702 grisea,
584 1648 707 1690 caule
740 1651 882 1690 erecto
916 1663 937 1691 a
972 1651 1094 1702 parte
1123 1648 1319 1690 inferiori
1349 1647 1592 1690 dichotome
1619 1650 1661 1688 et
1699 1646 1970 1689 divaricatim

263 1720 451 1759 ramoso,
482 1706 595 1749 foliis
641 1707 924 1749 inferioribus
967 1710 1151 1761 anguste
1197 1706 1654 1760 oblongo-lanceolatis
1702 1705 1969 1758 longiuscule

261 1766 480 1822 petiolalis
496 1765 787 1816 subdenlatis,
801 1767 984 1809 caulinis
997 1766 1228 1808 sessilibus
1245 1765 1592 1820 pinnatipartilis
1610 1765 1775 1807 laciniis
1788 1767 1969 1817 anguste

261 1825 503 1869 linearibus
527 1825 782 1867 lateralibus
809 1825 1019 1868 brevibus
1040 1825 1261 1867 terminali
1284 1825 1423 1877 longa,
1446 1824 1559 1868 soliis
1585 1823 1768 1866 summis
1796 1823 1969 1866 lineari-

260 1886 344 1928 bus
369 1884 552 1937 integris
579 1884 766 1938 capitula
794 1884 1040 1926 terminalia
1066 1883 1402 1937 ovato-oblonga
1429 1896 1562 1938 parva
1593 1881 1969 1926 involucranlibus

261 1955 398 1998 eaque
430 1943 755 1997 superantibuS,
783 1943 1001 1986 involucri
1029 1942 1169 1996 glabri
1201 1943 1360 1998 pallide
1388 1943 1570 1985 virentis
1594 1942 1754 1997 phyllis
1779 1952 1970 1994 superne

260 2003 385 2058 longe
410 2006 451 2045 et
476 2003 723 2056 pectinatim
749 2002 1024 2045 albo-ciliatis
1044 2002 1087 2045 in
1111 2001 1280 2056 spinam
1304 2002 1518 2044 inermem
1536 2001 1855 2044 cirrhiformem
1879 1999 1970 2043 basi

259 2062 425 2105 fuscam
464 2062 862 2115 incurvo-patulam
905 2062 1054 2116 phyllo
1092 2061 1315 2104 interdum
1356 2061 1646 2115 aequilongam
1685 2058 1966 2109 abeuntibus,

257 2121 421 2163 intimis
448 2121 692 2163 inermibus
720 2121 839 2174 apice
868 2120 1072 2163 scariosis
1101 2121 1273 2173 laceris,
1303 2120 1496 2163 flosculis
1524 2119 1762 2174 purpureis
1794 2117 1967 2160 radian-

266 2181 397 2232 tibus,
429 2179 621 2222 acheniis
658 2179 807 2234 parvis
842 2179 1032 2233 hirtulis,
1064 2179 1192 2235 pappi
1225 2178 1403 2222 sordide
1440 2178 1523 2221 albi
1562 2179 1677 2221 serie
1710 2175 1970 2221 intermedia

259 2239 439 2281 achenio
467 2238 761 2291 sublongiore,
788 2239 940 2281 intima
967 2251 1018 2281 eo
1045 2239 1176 2293 triplo
1204 2237 1407 2281 breviore
1439 2242 1502 2289 Θ.

310 2312 409 2347 Hab.
437 2312 479 2347 in
507 2313 612 2358 agris
641 2316 679 2348 et
708 2313 871 2348 desertis
900 2312 1010 2348 Meso
1041 2312 1200 2348 otamiae
1230 2312 1334 2347 inter
1351 2311 1444 2347 Orfa
1466 2315 1503 2347 et
1529 2310 1708 2346 Kharran
1739 2311 1776 2345 et
1806 2309 1855 2345 ad
1881 2309 1973 2344 ssuv,

259 2358 424 2395 Chabur
442 2359 669 2404 (Hausskl),
686 2360 726 2395 in
747 2362 880 2396 monte
899 2359 1008 2396 Gebe
1044 2359 1159 2395 Belas
1176 2359 1318 2395 deserti
1337 2358 1386 2394 ad
1404 2358 1546 2404 Palmy
1551 2367 1632 2394 ram
1651 2356 1761 2402 (Bll).

309 2423 511 2459 Interdum
539 2422 703 2470 pedalis,
720 2422 816 2459 folia
834 2424 872 2458 1-
876 2424 894 2459 1
917 2424 976 2468 Ἃ·
963 2423 1185 2470 -pollicaria
1211 2423 1514 2469 angustissima;
1535 2421 1572 2458 C.
1592 2421 1743 2469 pacaloe
1762 2424 1799 2457 et
1810 2420 1975 2456 Ammo-

260 2481 390 2517 cyano
406 2470 544 2514 affinis,
566 2481 589 2506 a
607 2471 727 2517 priori
749 2470 853 2506 foliis
875 2471 1185 2517 pinnatipartitis
1204 2473 1242 2505 et
1258 2470 1431 2506 flosculis
1450 2469 1710 2512 radiantibus,
1727 2478 1750 2503 a
1770 2468 1975 2514 posteriori

262 2510 413 2564 phyllis
432 2518 471 2553 in
493 2517 643 2553 cirrhos
662 2517 819 2564 patulos
839 2517 1042 2565 elongatos
1067 2518 1318 2562 abeuntibus,
1341 2517 1393 2553 ab
1414 2520 1576 2564 utraque
1598 2516 1878 2552 ramificatione
1894 2525 1972 2551 non

262 2565 452 2611 prolifera
471 2564 687 2601 discedens

830 2694 951 2738 Secr.
989 2694 1060 2737 VI.
1096 2695 1395 2738 Auaotopuus.

990 2818 1009 2836 ¹¹
1035 2819 1244 2855 Pannosae.

322 2919 393 2960 54.
432 2917 485 2961 C.
519 2917 824 2962 Cariensis
857 2916 1017 2973 (Boiss.
1044 2917 1195 2971 Diagn.
1230 2916 1322 2959 Ser.
1360 2916 1392 2967 I
1428 2917 1467 2968 4,
1499 2928 1533 2970 p
1573 2916 1646 2969 19)
1679 2926 1701 2956 e
1731 2913 1969 2956 rhizomate

261 2977 541 3021 silffruticoso
568 2977 834 3020 multicaulis
855 2980 945 3019 tota
968 2976 1178 3030 adpresse
1201 2987 1320 3026 cana,
1347 2975 1546 3018 caulibus
1568 2973 1762 3017 tenuiter
1788 2971 1969 3026 virgatis
