2066 3296
156 269 324 306 Senecio.
887 278 1134 305 composrrAE.
1787 277 1859 316 403

157 350 309 444 k'Hff}
328 350 369 385 in
386 350 561 443 {ribaudis
580 350 699 386 vallis
718 350 1007 396 Devegetschid
1025 352 1223 389 Armeniae
1238 363 1329 390 mer.
1347 355 1447 391 inter
1464 358 1623 402 Argana
1640 360 1678 394 et
1694 359 1856 396 Diarke-

186 408 221 433 ir
297 408 389 433 auss
459 425 465 431 .

202 454 267 490 Ar.
287 454 418 499 Geogr.
448 453 590 489 Bossia
608 453 740 489 media
757 455 795 489 et
814 453 1012 501 australis,
1031 455 1234 501 Songaria,
1252 456 1396 492 Sibiria
1413 458 1614 496 Uralensis
1632 464 1669 497 et
1686 462 1853 499 Altaica.

219 570 289 611 45.
321 567 372 611 S.
408 568 864 622 Castaqneanus
896 567 996 621 (Dc.
1030 569 1184 611 Prodr.
1213 569 1284 620 VI,
1321 583 1358 624 p.
1389 571 1507 626 354),
1545 573 1688 617 radice
1730 575 1854 619 brevi

158 628 333 682 obliqua
356 628 608 682 praemorsa,
636 626 757 668 caule
780 627 982 679 angulato
1005 627 1049 669 in
1068 629 1323 682 corymbum
1345 631 1581 684 simplicem
1602 633 1669 675 vel
1689 645 1854 687 corym-

157 687 314 729 hosum
337 685 679 739 oligocephalum
704 686 894 728 abeunte
914 686 1091 739 juniore
1110 689 1286 741 totaque
1312 692 1434 741 parte
1453 691 1679 745 superiore
1696 692 1853 746 plantae

156 748 349 789 tomento
379 744 684 788 albo-floccoso
710 744 906 787 detersili
939 746 1093 795 obsito,
1124 745 1233 788 foliis
1264 748 1566 792 crassiusculis
1590 750 1852 794 radicalibus

158 804 297 847 ovatis
328 803 399 846 vel
432 803 629 856 oblongis
668 803 836 846 obtusis
869 803 1042 846 inferne
1067 806 1307 856 praesertim
1338 807 1523 849 dentatis
1550 809 1620 850 vel
1660 810 1855 852 subinte-

156 863 246 917 gris
272 863 316 905 in
341 863 549 916 petiolum
584 862 745 916 saepius
768 862 961 904 breviter
987 863 1234 911 attenuatis,
1270 865 1450 908 caulinis
1474 867 1596 908 valde
1629 867 1853 911 diminutis

157 922 387 965 sessilibus
421 920 867 972 oblongo-linearibus
903 925 946 963 et
982 924 1164 975 anguste
1206 923 1444 966 linearibus
1483 926 1593 968 cauli
1631 926 1853 979 adpressis

156 981 307 1023 acutis.
348 979 574 1023 floralibus
616 983 800 1033 anguste
843 980 1081 1023 linearibus
1123 982 1347 1035 brevibus,
1376 982 1632 1035 pedunculis
1667 985 1853 1028 arcuatis

156 1039 372 1083 subnudis
390 1037 671 1082 inferioribus
693 1039 882 1093 capitula
902 1040 1112 1082 centralia
1133 1041 1452 1093 superantibus.
1471 1043 1669 1095 capitulis
1688 1044 1853 1096 magnis

156 1097 510 1151 hemisphaericis,
535 1097 750 1140 involucri
781 1099 941 1151 phyllis
975 1099 1211 1141 linearibus
1246 1100 1558 1152 nigricantibus
1585 1102 1784 1144 elevatim
1812 1105 1854 1144 et

155 1156 511 1212 plano-carinatis
530 1156 802 1209 acuminatis,
823 1157 1005 1210 calyculi
1023 1157 1181 1211 phyllis
1198 1159 1444 1201 numerosis
1469 1159 1716 1202 lanceolatis
1733 1161 1854 1202 invo-

155 1218 278 1259 lucro
304 1215 435 1269 duplo
457 1214 750 1268 brevioribus,
770 1215 916 1268 ligulis
940 1216 1166 1258 involucro
1199 1217 1330 1270 duplo
1353 1218 1635 1270 longioribus,
1662 1219 1851 1261 acheniis

156 1274 367 1317 brevibus
380 1273 744 1328 scabridonhirtis,
758 1286 901 1329 pappo
916 1275 1092 1318 sordido
1106 1275 1331 1319 involucro
1345 1276 1561 1329 subduplo
1579 1278 1769 1330 longiore
1791 1283 1828 1324 36
1842 1311 1850 1318 .

155 1331 201 1376 S.
236 1332 433 1375 Tmoleus
456 1332 595 1375 Boiss.
626 1333 779 1386 Diagn.
804 1332 897 1376 Ser.
920 1335 953 1383 I,
977 1334 1017 1386 4,
1042 1346 1080 1387 p.
1119 1335 1169 1375 13
1201 1334 1357 1389 (forma
1393 1335 1705 1389 polycephala‘).
1730 1358 1783 1366 —
1810 1335 1850 1377 S.

154 1391 379 1435 Pisidicus
399 1392 538 1435 Boiss.
559 1392 709 1445 Diagn.
731 1391 826 1434 Ser.
855 1393 910 1447 ΙΙ,
938 1393 977 1446 3,
1002 1405 1042 1446 p.
1068 1394 1121 1434 35
1148 1392 1306 1447 [forma
1334 1394 1722 1448 submonocephala
1740 1394 1852 1437 foliis

157 1450 458 1506 subintegris).

201 1523 304 1559 Hah.
326 1524 375 1559 ad
394 1523 640 1560 Tchamlicia
664 1534 784 1571 prope
804 1523 956 1560 Scutari
974 1534 1053 1559 non
1078 1525 1214 1571 procul
1236 1535 1261 1559 a
1282 1525 1470 1571 Byzantio
1491 1525 1618 1569 (Casti
1639 1525 1794 1570 Cleml)‚
1812 1526 1852 1560 in

154 1574 287 1607 monte
308 1570 595 1616 Bulghasdagh
615 1571 799 1616 Phrygiae
817 1571 940 1615 (4200’
959 1571 1077 1612 Baln,
1096 1573 1135 1606 in
1154 1575 1285 1607 monte
1304 1572 1445 1607 Tmolo
1462 1572 1598 1617 Lydiae
1625 1583 1745 1626 supra
1762 1572 1851 1607 Phi-

154 1618 260 1711 }ffql
292 1617 598 1709 {arss’llssolisso
628 1622 665 1654 et
688 1619 738 1654 ad
767 1618 955 1665 Bozdagh
980 1618 1118 1664 (Ball),
1148 1619 1188 1654 in
1216 1622 1347 1655 monte
1375 1620 1534 1655 Stavros
1563 1620 1719 1656 Pisidiae
1747 1619 1853 1655 6500'

212 1676 232 1700 e
278 1676 297 1700 r
339 1692 346 1699 .
418 1694 424 1700 .
469 1676 494 1700 u
518 1692 524 1699 .

202 1728 359 1763 Pedalis
375 1731 412 1764 et
426 1728 630 1774 bipedalis,
646 1729 821 1775 capitula
835 1729 890 1764 eis
905 1728 947 1765 S.
970 1728 1182 1766 Orientalz's
1196 1729 1435 1773 subminora,
1450 1729 1501 1763 ab
1527 1740 1570 1764 eo
1585 1732 1723 1775 praeter
1742 1729 1853 1765 ache—

155 1775 221 1811 nia
236 1775 340 1810 hirta
350 1775 455 1810 foliis
476 1776 642 1810 caulinis
657 1776 874 1812 rarioribus
888 1777 1196 1822 angustioribus,
1215 1776 1393 1821 calyculo
1409 1776 1637 1811 abbreviato
1656 1777 1849 1812 diversus.

155 1821 379 1870 Specimina
396 1824 668 1859 numerosiora
686 1824 834 1870 species
853 1823 915 1859 hic
934 1826 1183 1859 enumeratas
1211 1823 1504 1869 coniungendas
1522 1833 1605 1858 esse
1625 1823 1850 1858 docuerunt.

215 1938 285 1980 46.
319 1936 370 1980 S.
406 1938 583 1992 inops
619 1937 778 1992 (Boiss.
814 1941 856 1980 et
896 1937 984 1978 Bal.
1026 1938 1176 1991 Diagn.
1207 1937 1298 1979 Ser.
1338 1936 1390 1983 ΙΙ.
1431 1937 1470 1988 6,
1506 1950 1545 1990 p.
1579 1935 1678 1990 101)
1723 1948 1850 1989 parce

155 1997 470 2039 arachnoideus
503 1998 678 2039 demum
715 1997 952 2049 glabratus,
980 1997 1124 2039 radice
1164 1996 1420 2037 brevissima
1459 1997 1707 2048 praemorsa,
1732 1996 1852 2036 caule

154 2055 310 2097 humili
333 2055 517 2110 simplici
548 2056 834 2109 1-3-cephalo,
861 2056 973 2098 foliis
999 2056 1191 2098 obsolete
1219 2054 1493 2096 denticulatis
1520 2054 1656 2095 acutis
1678 2053 1851 2094 inferio-

154 2114 279 2156 ribus
302 2114 759 2168 oblongo-lanceolatis
780 2115 826 2156 in
851 2115 1058 2168 petiolum
1083 2113 1388 2155 brevissimum
1413 2112 1658 2161 attenuatis,
1683 2113 1850 2154 caeteris

157 2173 386 2215 sessilibus
422 2177 604 2226 anguste
639 2173 1154 2223 lanceolam-linearibus,
1189 2171 1445 2226 pedunculis
1480 2171 1662 2223 capitula
1691 2170 1850 2212 medio-

156 2232 244 2273 cria
266 2232 597 2285 hemisphaerica
620 2232 910 2286 aequantibus,
928 2232 1146 2274 involucri
1169 2230 1361 2272 breviter
1387 2229 1657 2272 arachnoidci
1676 2228 1850 2272 tandem

156 2290 338 2343 glabrati
363 2291 523 2344 phyllis
549 2291 787 2334 linearibus
812 2291 1063 2334 bicarinatis
1095 2291 1213 2345 apice
1240 2289 1430 2331 breviter
1451 2288 1644 2335 oculatis,
1669 2287 1850 2341 calyculi

155 2349 316 2403 phyllis
354 2350 501 2403 paucis
545 2350 901 2393 lineari-setaceis
944 2350 1165 2405 adpressis
1206 2348 1335 2402 triplo
1374 2347 1662 2393 brevioribus,
1709 2345 1849 2397 ligulis

158 2407 272 2450 disco
291 2408 423 2462 duplo
443 2409 725 2462 longioribus,
744 2408 935 2451 acheniis
953 2409 1141 2457 hirtulis‚
1161 2418 1302 2462 pappo
1321 2406 1544 2447 involucro
1565 2404 1756 2457 longiore
1789 2410 1848 2451 ᾏ.

203 2480 305 2515 Hab.
326 2481 366 2516 in
389 2482 547 2526 regione
567 2482 702 2529 alpina
718 2483 863 2518 montis
879 2481 1106 2517 Aslandach
1127 2479 1387 2527 Cappadociae
1404 2478 1539 2523 (Ball).
1560 2477 1615 2512 Fl.
1635 2479 1733 2522 Aug.

203 2544 341 2579 Affinis
363 2543 400 2580 S.
419 2544 696 2591 Castayneano
719 2545 785 2580 sed
807 2547 999 2591 quantum
1026 2555 1072 2579 ex
1103 2542 1381 2590 speciminibus
1404 2541 1539 2587 paucis
1557 2539 1849 2584 dijudicandum

157 2589 413 2636 distinguitur
446 2592 557 2627 caule
591 2592 717 2628 multo
750 2592 919 2627 tenuiori
954 2590 1197 2637 semipedali,
1234 2589 1338 2624 foliis
1375 2588 1622 2622 inferioribus
1657 2588 1779 2621 acutis
1814 2588 1851 2620 et

157 2639 336 2719 affigustis
353 2649 442 2674 cum
461 2639 606 2685 petiolo
625 2641 693 2675 vix
716 2638 1015 2686 bipollicaribus
1031 2639 1096 2674 5-ss
1116 2638 1238 2672 lineas
1257 2636 1358 2675 latis,
1389 2634 1569 2681 capitulis
1588 2633 1707 2679 duplo
1727 2634 1850 2668 mino-

156 2693 190 2718 ri
220 2695 276 2720 us.

217 2798 285 2839 47.
320 2797 372 2840 S.
409 2796 825 2842 Macedonicus
858 2798 1050 2854 (Griseb.
1091 2797 1201 2852 Spic.
1228 2797 1280 2847 ll,
1317 2809 1351 2848 ρ.
1382 2795 1484 2849 3221)
1523 2794 1683 2846 glaber,
1710 2792 1850 2857 radice

158 2855 279 2898 brevi
304 2856 492 2911 obliqua,
517 2858 622 2899 collo
646 2857 821 2904 fibroso,
852 2858 975 2900 caule
1007 2860 1150 2900 erecto
1185 2856 1338 2897 striato
1365 2854 1481 2907 apice
1514 2852 1852 2902 subsirnpliciter

158 2916 426 2968 corymboso,
456 2917 569 2958 foliis
607 2916 1153 2959 carnosulo-subcoriaceis
1174 2913 1451 2956 inferioribus
1475 2915 1628 2964 arguto
1661 2910 1853 2974 ‹lenticu—

158 2973 256 3016 latis
294 2974 746 3027 oblongo-lanceolatis
782 2976 828 3017 in
864 2975 1072 3029 petiolum
1120 2974 1243 3026 longe
1284 2972 1541 3017 attenuatis,
1586 2968 1850 3010 intel-inediis

160 3032 387 3075 sessilibus
432 3033 855 3076 lineari-lanceolatis
894 3033 1091 3086 integris.
1121 3031 1423 3086 superiorilnis
1461 3033 1499 3069 el
1542 3028 1761 3068 floralibus
1799 3026 1849 3067 affl
