2090 3291
240 267 311 302 710
966 271 1214 297 COMPOSITAE.
1686 262 1922 301 Carthamus
1930 289 1940 298 .

246 345 510 400 majusculis,
533 344 747 386 involucri
784 343 942 398 phyllis
968 343 1163 384 externis
1196 342 1384 384 foliaceis
1417 342 1631 385 viridibus
1660 356 1796 397 supra
1821 345 1946 388 basin

245 404 489 447 constrictis
509 403 852 456 ovato-oblongIS
871 401 1376 455 spinuloso-margiuatis
1396 401 1463 443 vel
1483 401 1741 455 inermibus,
1760 403 1946 447 internis

245 462 588 514 ovato-oblongis
616 464 766 512 acutis,
794 461 986 503 flosculis
1021 461 1191 502 intense
1226 460 1563 513 croceo-ruinis,
1590 462 1780 505 acheniis
1811 464 1946 506 calvis

247 521 689 573 oboram-tetragonis
716 520 835 573 apice
863 522 1063 561 truncato
1091 519 1391 572 quadrigibbis
1423 524 1487 569 Ε).

293 594 393 628 Hab.
413 595 451 628 in
470 593 652 639 AEgypto,
670 593 844 638 Assyria,
865 593 1007 631 Persia,
1025 591 1225 637 Zacyntho
1246 592 1314 627 ubi
1333 592 1485 635 colitur,
1505 592 1594 628 hinc
1613 594 1703 630 inde
1726 595 1947 641 inquilinus

246 641 385 684 factus,
407 652 454 676 ex
472 640 604 676 India?
630 641 866 685 Ahyssinia?
896 640 1099 675 oriundus.

307 770 344 808 9.
381 766 432 809 C.
467 764 825 816 Mareoticus
861 764 971 817 (Del.
994 764 1054 805 Fl.
1083 764 1156 817 Eg.
1184 777 1223 817 p.
1253 764 1351 814 365,
1380 763 1464 805 tab.
1489 764 1557 817 48,
1584 765 1651 817 fig.
1680 764 1716 819 I)
1753 777 1880 818 parce
1907 770 1950 808 et

245 826 456 879 adpresse
485 823 1038 875 arachnoidco-pubesccns
1066 822 1157 864 basi
1196 824 1514 866 sut'lrutesceus
1539 824 1686 877 patule
1716 829 1759 865 et
1790 824 1950 868 divari-

245 886 371 926 catim
414 883 739 925 ramosissimus
779 882 965 923 diffusus
1011 882 1284 925 (tumulosus
1325 883 1434 924 foliis
1478 882 1659 924 caulinis
1704 886 1746 924 et
1788 885 1947 927 rameis

247 944 451 985 coriaceis
485 944 667 994 auguste
696 940 944 982 lanceolalis
970 941 1262 983 canaliculatis
1293 942 1482 995 spinosis
1521 942 1729 995 utrinque
1755 941 1949 986 breviter

248 1000 749 1055 2-3-spiuoso-dentat1s,
769 1000 969 1052 capitulis
988 1000 1293 1042 terminalibus
1312 1005 1353 1042 et
1371 1000 1593 1042 interdum
1614 1000 1657 1041 in
1677 1000 1949 1045 dichotomiis

246 1060 552 1111 mediocribus,
571 1059 782 1101 involucri
802 1058 960 1113 phyllis
981 1059 1174 1101 externis
1193 1059 1306 1101 foliis
1326 1060 1556 1101 sessilibus
1575 1063 1756 1112 anguste
1776 1060 1951 1103 lineari—

247 1119 492 1161 lanceolatis
519 1118 707 1172 spinosis
731 1118 899 1159 inferne
926 1118 1263 1171 9-4-spinulosis
1290 1118 1479 1173 capitulo
1504 1118 1636 1172 duplo
1664 1118 1950 1172 longioribus.

247 1178 431 1220 internis
460 1177 663 1232 scariosis
691 1177 829 1218 oratis
859 1188 1051 1231 superne
1087 1178 1334 1230 pectinatim
1363 1177 1762 1231 spinuloso-ciliatis
1790 1178 1832 1220 in
1863 1179 1951 1232 spi-

246 1250 345 1278 nam
374 1238 551 1279 brevem
581 1236 910 1289 abruptiuscule
939 1236 1216 1285 abeuntibus,
1244 1237 1436 1279 flosculis
1465 1235 1622 1290 pallide
1650 1236 1796 1286 luteis,
1828 1237 1951 1279 ache-

250 1296 331 1336 niis
351 1295 734 1337 ovato-turbinatis
754 1295 1092 1348 subtetragouiS,
1112 1296 1241 1349 pappi
1261 1296 1396 1349 paleis
1416 1295 1631 1337 subtilat-is
1650 1295 1861 1338 scabridis
1885 1300 1949 1347 Θ.

295 1369 396 1403 Hah,
415 1369 453 1403 in
474 1369 601 1403 littore
622 1368 855 1414 ,Egyptiaco
876 1368 925 1403 ad
944 1368 1227 1404 Alexandriam
1246 1370 1348 1404 inter
1366 1369 1495 1405 lacum
1515 1368 1769 1404 Mareotidem
1788 1373 1822 1405 et
1845 1380 1951 1405 mare

248 1416 367 1461 (Del,
384 1416 506 1451 Cadet
529 1416 574 1451 de
593 1416 843 1460 Fontenayt).
864 1416 920 1450 Fl.
939 1415 1055 1451 Maio.

294 1478 499 1525 Specimen
520 1479 651 1525 quoad
682 1478 868 1513 flosculos
898 1482 934 1513 et
961 1479 1126 1514 achenia
1152 1479 1433 1525 incompletum
1458 1480 1611 1513 tantum
1640 1479 1741 1524 vidi3
1761 1480 1911 1526 species
1930 1491 1952 1514 a

245 1527 533 1606 (congeneribus
575 1526 610 1562 C.
640 1525 804 1562 cau-caleo
833 1529 993 1572 excepto
1023 1527 1146 1573 paleis
1177 1527 1374 1562 subulatis
1408 1536 1477 1561 nec
1506 1526 1952 1573 dilatato-complanatis

276 1584 418 1609 ivel-sa.

309 1701 373 1740 lo.
410 1699 460 1741 C.
497 1696 791 1741 caeruleus
828 1696 892 1751 (L.
918 1696 990 1749 Sp.
1018 1697 1152 1751 1163)
1186 1697 1305 1739 caule
1331 1697 1442 1740 elato
1467 1696 1651 1749 rigidulo
1677 1696 1827 1738 folioso
1851 1696 1952 1739 sub—

247 1758 447 1811 simplici.
474 1757 586 1799 foliis
611 1756 1074 1810 papilloso-puberulis
1099 1756 1253 1799 lucidis
1282 1757 1486 1798 elevatim
1509 1756 1712 1798 nervosis
1735 1755 1952 1798 inferiori-

246 1816 328 1858 bus
352 1816 809 1869 oblongo-lanceolatis
833 1816 877 1856 in
902 1817 1113 1869 petiolum
1140 1816 1375 1858 attenuatis
1399 1815 1706 1869 superioribus
1732 1814 1951 1868 rigidiori-

247 1875 327 1918 bus
351 1876 579 1918 sessilibus
606 1874 1338 1929 semiamplexicaulibus,omnibus
1367 1874 1676 1917 serrulato-vel
1704 1873 1953 1927 inciso-spi-

248 1935 430 1987 nulosis,
456 1933 642 1987 capitulo
671 1946 825 1987 magno
851 1934 1084 1985 terminali,
1112 1933 1328 1976 involucri
1356 1934 1516 1987 phyllis
1542 1932 1737 1974 externis
1764 1932 1953 1974 foliaceis

248 1993 704 2047 oblongo-lanceolatis
755 1993 1011 2035 acuminatis
1058 1994 1251 2046 margine
1302 1993 1495 2035 breviter
1544 1991 1947 2046 spinoso-dentatis,

248 2053 431 2094 internis
461 2051 814 2105 sublongiorilms
849 2052 1053 2095 scariosis
1080 2053 1199 2106 apice
1231 2054 1273 2094 in
1306 2051 1588 2106 appendicem
1623 2050 1954 2104 pectinato-fim-

248 2111 432 2152 briatam
451 2111 653 2164 dilatatis,
675 2112 868 2154 flosculis
889 2111 1100 2161 caeruleis,
1129 2111 1318 2154 acheniis
1338 2111 1477 2153 ovatis
1505 2111 1691 2153 obscure
1714 2109 1953 2162 tetragonis

250 2181 439 2222 superne
464 2171 880 2223 excavato-asperis,
904 2170 1034 2224 pappi
1066 2171 1201 2224 paleis
1234 2169 1450 2213 subulatis
1481 2169 1651 2223 asperis
1686 2169 1738 2210 ab
1761 2168 1956 2210 externis

248 2227 301 2269 ad
326 2228 520 2271 internas
546 2229 723 2271 achenio
749 2230 1123 2283 sesquilongiores
1147 2229 1284 2272 auctis
1310 2235 1368 2277 ΖΔ.
1394 2227 1953 2290 10.F1.Graec.tab.843¹.-

248 2285 288 2387 f),
320 2287 580 2340 Tomitanus
609 2289 641 2330 L
664 2288 820 2342 [forma
854 2288 965 2331 foliis
990 2287 1173 2344 incisis).
1198 2313 1253 2318 -—
1275 2286 1590 2330 Cardtmcellus
1619 2285 1834 2328 coeruleus
1858 2297 1953 2328 nc..

286 2345 403 2388 rodr.
430 2346 501 2399 Vl,
529 2360 567 2400 p.
593 2349 694 2389 615.

297 2418 398 2454 Hal).
429 2420 468 2454 in
506 2420 620 2455 cultis
658 2420 918 2466 Peloponnesi
955 2420 1107 2464 (Sibthl
1140 2419 1289 2465 Boryl),
1329 2419 1520 2465 Zacynthi
1550 2418 1700 2464 (Margl
1731 2417 1957 2462 Schmidtl)‚

249 2464 373 2500 Creta}
393 2466 546 2511 (Sient),
564 2468 688 2512 Syriae
707 2467 891 2503 littoralis
910 2467 959 2503 ad
978 2467 1164 2503 Sidonem
1184 2467 1292 2513 (Bu).

250 2572 278 2606 F
296 2527 356 2562 Ar.
375 2528 507 2581 Geogr.
522 2529 735 2574 Lusitania,
751 2529 958 2576 Hispania,
974 2528 1106 2565 Gallia
1121 2529 1321 2575 australis,
1333 2529 1460 2572 Italia,
1475 2528 1605 2564 Africa
1619 2527 1800 2572 borealis,
1813 2527 1956 2563 insulae

269 2584 518 2611 anamenses.

595 2713 989 2762 CARDUNCELLUS
1024 2713 1115 2773 (Ad.
1155 2714 1270 2761 Fam.
1304 2713 1360 2769 ΙΙ,
1396 2727 1434 2774 p.
1478 2713 1595 2773 1116).

311 2850 555 2906 Capitulum
586 2854 890 2907 homogamum
926 2855 1053 2897 multi
1075 2858 1116 2897 et
1150 2853 1487 2908 aequalissorum.
1517 2853 1794 2896 Involucrum
1821 2851 1960 2906 pluri-

252 2911 409 2953 seriale
431 2912 593 2966 phyllis
621 2914 916 2955 exterioribus
940 2914 1128 2956 soliaceis
1150 2913 1357 2955 coriaceis
1381 2912 1586 2967 spinosis,
1607 2911 1773 2954 intimis
1796 2911 1957 2953 scario-

252 2970 325 3011 sis.
354 2969 688 3024 Receptaculum
712 2971 1064 3014 fimbrilliferum.
1089 2971 1282 3014 Stamina
1306 2971 1541 3014 filamentis
1566 2970 1712 3012 liberis
1735 2969 1955 3023 infra'api-

247 3038 342 3070 cem
370 3029 642 3081 penicillatis,
666 3030 865 3073 antheris
888 3031 1123 3074 ecaudatis.
1151 3030 1345 3072 Achenia
1365 3033 1488 3072 acute
1513 3032 1737 3083 tetragona
1763 3039 1955 3083 papposa
