2066 3296
112 222 360 261 Thevenotia.
837 231 1085 258 composrrAE.
1747 228 1820 265 455

108 307 394 408 ssngioreVlO.
444 305 697 406 IiciODeless.
729 305 798 356 IV,
841 304 925 347 tab.
957 305 1024 346 72.
1071 328 1125 336 —
1170 305 1412 359 Atractylis
1448 309 1628 350 Persica
1671 310 1811 354 Boiss.

153 379 260 418 iagn.
351 378 426 419 ,μ
548 398 555 406 .

154 439 253 474 Hah.
273 439 311 473 in
327 439 481 473 saxosis
501 437 620 473 aridis
636 438 812 483 Assyriae
831 438 932 472 inter
951 436 1103 472 Mossul
1121 440 1158 472 et
1173 437 1334 483 Bagdad
1351 438 1506 484 (olivi),
1522 441 1667 476 Persiae
1682 442 1817 478 borea-

107 485 157 520 lis
179 496 299 532 prope
317 486 497 520 Teheran
517 485 642 529 (Olivl
662 485 784 520 Auch.
805 484 915 519 4819!
934 484 1116 528 Baiis-ei),
1138 484 1185 519 ad
1204 485 1354 521 radices
1374 488 1519 522 montis
1538 488 1683 523 Elbrus
1695 500 1815 536 prope

107 532 290 568 Derbend
312 533 408 578 (Ky.
427 532 548 574 6631),
568 533 606 566 in
628 532 820 567 montosis
839 542 947 578 prov.
969 531 1196 566 Khorassan
1218 542 1337 578 prope
1357 533 1540 570 Mesched
1557 535 1706 580 (Bgel).

154 596 293 631 Planta
312 595 458 641 saepius
479 595 764 641 2-4-pollicaris
793 595 998 630 confertim
1019 594 1254 630 trichotoma
1281 599 1318 631 et
1344 598 1590 642 corymbosa,
1611 599 1736 634 rarius
1757 599 1814 642 (in

105 653 207 689 spec.
230 642 475 687 Oliveriano)
493 642 723 688 subpedalis
742 642 832 677 laxe
851 652 1008 677 ramosa
1028 641 1213 687 capitulis
1231 643 1467 679 axillaribus
1488 648 1525 680 et
1539 646 1813 681 terminalibus

105 690 293 725 solitariis
310 691 482 734 remotis,
501 691 669 736 capitula
687 689 749 724 7-8
771 689 898 724 lineas
918 688 1038 734 longa
1059 689 1252 724 diametro
1271 690 1336 726 4-5
1350 691 1442 726 lata.

170 808 208 848 Ξ.
243 807 298 849 Τ.
337 806 552 849 scabra
585 805 734 861 (Boiss
785 805 935 858 Diagn.
973 804 1066 847 Ser.
1095 805 1128 857 Ι,
1155 807 1196 855 6,
1223 820 1264 860 p.
1294 808 1375 848 109
1410 807 1492 849 sub
1519 808 1812 863 Atractylide)

107 868 273 921 pumila
295 867 387 908 fere
413 879 436 907 a
463 865 557 907 basi
587 866 829 907 dicliotome
862 865 931 906 vel
955 865 1210 906 trichotome
1245 877 1430 919 ramosa,
1464 866 1577 909 foliis
1604 868 1812 922 utrinque

104 926 182 968 sed
229 925 386 968 subtus
437 924 656 977 copiosius
696 923 1228 977 spinuloso-scaberrimis
1266 924 1470 969 coriaceis
1512 925 1811 979 oblongo-lan-

102 984 280 1027 ceolatis
304 983 395 1024 basi
429 983 666 1026 attenuatis
691 983 810 1036 apice
834 987 877 1023 et
908 983 1116 1036 utrinque
1146 984 1448 1038 l-‘2-spinosis‚
1481 984 1682 1038 capitulis
1709 985 1812 1027 sub-

104 1042 335 1085 sessilibus
356 1042 402 1084 in
425 1042 696 1085 dichotomiis
716 1041 922 1084 solitariis
939 1041 1333 1096 terminalibusque
1354 1043 1424 1085 1-3
1449 1044 1654 1086 confertis
1673 1045 1811 1087 ovatis

103 1101 409 1149 mediocribus
452 1101 683 1144 involucro
712 1100 873 1153 duplici
907 1104 1089 1143 externo
1129 1100 1289 1155 phyllis
1325 1102 1531 1144 coriaceis
1568 1102 1664 1145 aliis
1699 1103 1810 1145 soliis

102 1160 319 1204 similibus
344 1159 804 1213 oblongo-lanceolatis
833 1159 1024 1213 spinosis
1048 1160 1237 1213 capitulo
1264 1161 1400 1203 multo
1424 1159 1692 1214 longioribus
1714 1162 1810 1204 aliis

106 1219 241 1272 magis
264 1219 451 1262 internis
476 1219 715 1261 linearibus
741 1218 949 1271 pinnatim
978 1218 1169 1273 spinosis
1203 1219 1430 1271 constanti,
1457 1220 1673 1271 involucri
1699 1221 1811 1262 inte-

103 1279 233 1320 rioris
273 1278 433 1332 phyllis
474 1277 738 1320 tomentcllis
781 1278 1027 1319 numerosis
1068 1281 1185 1320 arcte
1229 1278 1469 1320 imbricatis
1517 1279 1569 1320 ab
1612 1279 1810 1322 externis

103 1336 563 1391 oblongo-lanceolatis
598 1336 766 1379 obtusis
799 1336 924 1390 spina
957 1339 1124 1379 setacea
1154 1337 1217 1379 eis
1244 1338 1485 1391 aequilonga
1513 1339 1731 1391 superatis
1758 1338 1810 1380 ad

101 1396 275 1439 interna
296 1396 457 1438 sensim
483 1397 906 1450 spinoso-attenuata
925 1396 1150 1449 elongatis,
1174 1396 1369 1438 flosculis
1391 1397 1645 1451 purpureis,
1667 1410 1810 1452 pappo

99 1455 279 1498 achenio
302 1455 583 1508 sublongiore
615 1459 679 1505 Ε).

148 1528 248 1563 Hah.
270 1528 311 1563 in
329 1528 449 1563 aridis
467 1528 611 1563 Persiae
632 1527 804 1563 borealis
827 1527 968 1571 (Auch.
986 1528 1080 1564 4820
1093 1530 1131 1573 l),
1150 1528 1200 1566 ad
1220 1528 1375 1563 Salinas
1394 1528 1553 1564 Maman
1575 1528 1697 1573 (Seidl
1710 1530 1747 1574 l),
1768 1530 1811 1564 in

99 1586 207 1621 prov.
230 1575 460 1611 Khorassan
492 1574 594 1610 inter
620 1574 829 1610 Schahrud
848 1577 885 1610 et
905 1574 1141 1622 Nischapur,
1172 1576 1211 1610 in
1232 1577 1425 1610 montosis
1456 1576 1506 1611 ad
1535 1575 1749 1611 Meschhed
1774 1578 1810 1612 et

98 1622 199 1658 inter
215 1622 429 1658 Meschbed
442 1625 481 1658 et
498 1622 621 1657 Herat
638 1622 785 1668 (Egel).
808 1621 852 1657 Fl
883 1622 906 1657 J
910 1632 973 1657 un.
990 1622 1066 1658 Jul.

143 1685 282 1721 Planta
300 1685 579 1733 2·4-pollicaris
601 1695 705 1732 saepe
723 1685 1007 1728 ramosissima,
1034 1685 1152 1721 facies
1180 1685 1220 1721 T.
1241 1685 1412 1722 Persicoe
1430 1696 1452 1721 a
1471 1689 1549 1732 qua
1566 1685 1708 1721 eximie
1729 1686 1804 1721 dif-

98 1732 172 1768 fert
189 1733 371 1769 scabritie
389 1732 559 1780 spinulis
578 1732 802 1769 numerosis
830 1734 1043 1778 constante,
1070 1732 1267 1768 involucri
1291 1732 1441 1779 phyllis
1459 1733 1702 1769 intermediis
1720 1734 1808 1780 pin-

97 1781 222 1815 naum
240 1780 426 1827 spinosis.

609 1902 912 1951 STAEHELINA
951 1903 1010 1964 (t.
1042 1902 1140 1950 Gen.
1172 1901 1293 1961 938).

158 2032 354 2089 Capitula
375 2035 629 2088 homogama
657 2035 939 2089 aequalissora.
977 2034 1258 2078 Involucrum
1287 2035 1609 2089 cylindraceum
1639 2035 1801 2088 phyllis

98 2091 336 2136 imbricatis
371 2095 568 2147 integris.
607 2093 947 2148 Receptaculum
989 2094 1095 2136 setis
1140 2094 1184 2136 in
1223 2095 1370 2148 paleas
1416 2094 1509 2140 basi
1555 2093 1805 2136 subcoalitis

95 2155 318 2195 onustum.
360 2152 601 2196 Staminum
624 2153 845 2195 filamenta
872 2153 1036 2206 glabra,
1074 2153 1267 2194 antherae
1300 2153 1393 2195 basi
1416 2154 1640 2207 sagittatae.
1666 2152 1806 2195 Ache-

96 2211 168 2253 nia
188 2211 337 2264 glabra
363 2213 433 2254 vel
455 2212 622 2255 sericea
646 2212 796 2254 tenuia
824 2213 978 2255 striata
1002 2212 1087 2254 hilo
1113 2211 1387 2254 subbasilari.
1418 2212 1553 2266 Pappi
1577 2217 1681 2254 setae
1708 2211 1805 2254 uni-

96 2270 269 2311 seriatae
295 2270 388 2313 basi
411 2271 709 2325 subpaleaceae
737 2270 789 2313 ad
815 2271 1008 2314 medium
1037 2271 1103 2314 vel
1127 2271 1388 2324 profundius
1414 2271 1595 2324 singulae
1614 2272 1659 2313 in
1687 2273 1803 2314 setas

96 2329 377 2371 tenuissimas
400 2330 531 2373 laeves
554 2331 624 2372 vel
649 2329 910 2373 barbellatas
933 2331 1119 2385 partitae.
1144 2353 1201 2359 -—
1226 2330 1485 2373 Suffrutices
1507 2330 1741 2384 elegantes.

161 2453 199 2494 1.
233 2452 286 2496 S.
323 2455 626 2509 apiculata
658 2455 832 2510 (Labill.
859 2454 955 2509 Syr.
979 2455 1081 2498 Dec.
1110 2456 1149 2503 4,
1178 2468 1219 2509 p.
1249 2456 1287 2507 3,
1311 2455 1394 2497 tab.
1420 2455 1458 2509 Ι)
1483 2453 1681 2498 scabrida
1707 2454 1799 2497 basi

95 2512 378 2555 suffruticosa
400 2514 676 2568 multicaulis‚
703 2514 901 2557 caulibus
930 2515 1110 2568 virgatis
1150 2514 1422 2568 simplicibus
1457 2513 1611 2555 crebre
1638 2513 1802 2555 foliosis

97 2567 291 2613 breviter
323 2575 368 2614 et
394 2573 544 2616 stricte
574 2571 846 2626 corymbosis
872 2573 1195 2627 oligocepbalis‚
1236 2573 1349 2615 foliis
1376 2573 1602 2616 sessilibus
1639 2572 1803 2614 strictis

97 2626 345 2674 lanceolatis
385 2631 457 2674 vel
494 2631 823 2675 sublinearibus
866 2632 1002 2676 acutis
1044 2632 1313 2675 mucronatis
1355 2644 1532 2674 sursum
1577 2630 1802 2673 diminutis

97 2689 257 2731 rameis
297 2689 486 2733 minimis
524 2690 945 2746 squamaeformibus‚
983 2691 1186 2746 capitulis
1229 2688 1685 2744 oblongo-cylindricis
1711 2688 1802 2731 basi

97 2748 346 2799 attenuatis,
372 2748 588 2792 involucri
608 2748 748 2803 glabri
769 2749 929 2803 phyllis
955 2749 1396 2804 resinoso-punctatis
1421 2752 1537 2791 arcte
1564 2747 1803 2790 imbricatis

98 2806 236 2848 acutis
284 2807 512 2860 apiculatis
557 2808 611 2850 ab
658 2808 853 2850 externis
902 2809 1092 2851 minimis
1142 2808 1485 2861 triangularibus
1531 2806 1583 2848 ad
1630 2806 1804 2849 interna

96 2863 278 2918 oblonga
300 2866 525 2920 elongatis,
548 2866 742 2911 flosculis
768 2867 924 2919 roseis,
949 2867 1079 2922 pappi
1102 2867 1279 2910 achenio
1303 2866 1468 2909 sericeo
1486 2865 1805 2920 subaequilongi

96 2922 204 2965 setis
229 2924 395 2967 scabris
420 2930 458 2973 5.

144 2993 244 3031 Hah.
263 2998 306 3033 in
325 2996 481 3033 fissuris
506 2998 666 3046 rupium
683 2998 832 3035 Ciliciae
852 3009 973 3047 prope
992 2999 1155 3035 Anacha
1180 3000 1219 3035 et
1245 2998 1347 3034 circa
1371 2996 1502 3033 Giilek
1531 2997 1693 3042 (Heldrl
1721 2996 1804 3043 Ky.
