2095 3276
285 224 357 261 278
1010 230 1257 257 composrrAE.
1760 219 1983 258 Anthemis.

286 402 547 453 ANTHEMIS
568 403 629 464 (L.
655 401 754 449 Gen.
782 399 903 461 645).
922 427 985 435 —
1007 398 1335 447 Chamaemeli
1353 398 1436 461 Sp.
1457 397 1695 446 Tournef.
1711 396 1991 446 —Maruta

353 473 401 516 et
428 467 711 528 Lyonnetia
744 465 878 513 Cass,
908 464 1036 512 Dict.
1067 463 1151 522 29,
1179 477 1225 525 p.
1264 463 1359 511 174
1383 468 1432 511 et
1456 462 1533 511 34.
1571 477 1619 525 p.
1654 461 1838 511 106.-
1868 462 1990 511 Cota

349 533 393 581 J.
420 532 523 595 Gay
559 532 613 579 in
646 531 787 578 Guss.
820 530 939 592 Syn.
960 529 1021 587 ΙΙ,
1053 543 1100 591 p.
1130 528 1241 577 866.

346 680 598 735 Capitulum
621 679 910 723 multiflorum
944 678 1160 721 radiatum
1182 679 1327 721 rarius
1351 678 1633 731 discoideum,
1657 678 1851 721 flosculis
1877 691 1992 722 mar-

288 739 505 795 ginalibus
531 739 723 792 ligulatis
759 738 1074 781 uniserialibus
1097 737 1296 780 femineis
1323 737 1468 780 rarius
1491 737 1677 790 neutris,
1699 737 1868 780 caeteris
1891 739 1992 781 her·

286 798 572 852 maphroditis
608 797 993 853 quinquedentatis
1029 797 1135 839 tubo
1162 808 1277 851 saepe
1314 808 1566 850 compresso
1590 796 1662 839 vel
1695 795 1870 839 demum
1898 796 1992 840 basi

286 859 544 901 incrassato.
576 856 858 900 involucrum
884 855 1173 898 imbricatum.
1200 856 1543 909 Receptaculum
1564 854 1829 909 paleaceum.
1850 854 1991 898 Ache-

285 917 359 960 nia
393 917 463 959 vel
492 915 939 959 turbinato-obconica
972 914 1192 957 exteriora
1211 914 1448 957 'interdum
1476 913 1989 968 pyramidato-angulata,

285 976 357 1019 vcl
384 974 939 1028 obcompresso-tetragona
967 974 1183 1028 ancipitia,
1209 974 1311 1029 plus
1343 973 1490 1016 minus
1518 973 1746 1016 manifeste
1777 975 1819 1015 et
1846 983 1990 1028 aequa-

286 1035 387 1078 liter
407 1034 572 1077 sulcata
594 1034 664 1076 vel
683 1033 1034 1084 striato-costam,
1068 1033 1188 1087 apice
1214 1044 1331 1075 nuuc
1362 1031 1479 1075 nuda
1512 1043 1628 1075 nunc
1648 1032 1846 1086 margine
1869 1043 1991 1075 coro-

284 1093 461 1136 niformi
486 1105 603 1136 nunc
627 1093 822 1135 auricula
839 1092 1009 1135 laterali
1034 1094 1254 1146 superata.
1288 1115 1342 1121 —-—
1367 1092 1526 1135 Herbae
1552 1103 1710 1133 annuae
1743 1090 1813 1132 vel
1834 1101 1991 1145 peren-

288 1164 383 1204 nes,
405 1152 550 1206 ligulis
573 1151 684 1194 albis
708 1151 852 1194 rarius
872 1151 1013 1194 flavis.
1033 1150 1097 1193 Ob
1120 1151 1299 1193 achenia
1319 1151 1366 1193 in
1389 1150 1580 1193 sectione
1607 1147 1712 1192 Com
1726 1149 1826 1204 plus
1846 1149 1992 1192 minus

283 1222 535 1266 compressa
556 1214 600 1254 et
623 1211 775 1254 faciem
802 1210 1021 1254 diversam
1044 1211 1304 1264 specierum,
1321 1210 1410 1253 haec
1424 1209 1480 1252 ab
1501 1206 1760 1251 Anthemide
1779 1208 1981 1262 generice

287 1282 372 1313 non
398 1270 643 1325 separanda
662 1274 740 1313 est.

704 1439 956 1493 Specierum
990 1438 1282 1482 Orientalium
1315 1436 1584 1480 distributio.

348 1581 469 1624 SEcr.
502 1581 535 1623 I.
569 1578 696 1623 Com.
727 1604 781 1610 ·—-
799 1578 992 1622 Achenia
1027 1582 1252 1633 tetragona
1278 1578 1378 1633 plus
1406 1579 1554 1621 minus
1582 1588 1830 1633 compressa
1860 1579 1904 1619 et
1939 1576 1993 1620 ad

584 1639 767 1692 angulos
794 1638 1053 1693 marginales
1077 1640 1213 1681 acuta.
1235 1638 1375 1680 Paleae
1399 1637 1602 1680 carinatae
1626 1636 1673 1680 in
1690 1637 1777 1680 tota
1795 1638 1994 1691 recepta-

587 1698 672 1741 culi
696 1698 943 1754 superficie.

878 1806 898 1824 ·
922 1806 1119 1843 Perennes
1137 1806 1202 1842 vel
1220 1806 1399 1844 biennes.

333 1889 381 1926 A.
400 1889 593 1934 tinctona,
609 1890 814 1937 rigescens,
829 1889 1016 1938 omlepis,
1036 1889 1212 1926 Euoema.

1011 1991 1031 2010 '
1058 1992 1077 2010 *
1104 1994 1270 2030 Annuae.

524 2076 566 2117 -4-
618 2072 924 2120 Receptaculum
942 2072 1300 2120 hemisphaericum.
1318 2093 1363 2098 -
1381 2071 1537 2120 Species
1557 2072 1755 2108 elatiores.

332 2153 380 2189 A.
407 2135 612 2199 alm-sima,
631 2151 846 2198 Palescz'na,
864 2151 1078 2200 coelopoda,
1097 2151 1324 2197 Austrz'aca,
1338 2150 1625 2188 Brachmanai.

572 2261 614 2303 -4-
667 2261 708 2302 4-
759 2255 1063 2304 Receptaculum
1081 2255 1272 2292 conicum.
1292 2276 1339 2281 -—
1355 2255 1510 2302 Species
1529 2254 1708 2302 pumilae.

333 2340 389 2377 A.
417 2339 674 2386 Pestalozzae,
689 2338 905 2387 halophila,
936 2338 1303 2384 Wiedemanm'ana,
1321 2337 1613 2386 lyonnetioides.

346 2483 472 2527 Smer.
506 2482 559 2526 11.
592 2483 882 2526 EUANi-mzms.
919 2507 971 2512 -
1012 2481 1206 2525 Achenia
1247 2481 1451 2524 obconica
1494 2481 1564 2523 vel
1610 2480 1832 2524 turbinata
1878 2491 1992 2535 saepe

588 2543 806 2595 angulata,
833 2544 1014 2584 externa
1037 2540 1260 2584 interdum
1295 2540 1594 2596 quadrangula
1621 2540 1690 2583 vel
1724 2539 1993 2594 pyramidata

586 2601 664 2644 scd
687 2613 774 2644 non
796 2611 1057 2655 compressa.
1085 2600 1226 2643 Paleae
1251 2603 1389 2643 ovatae
1416 2599 1611 2653 oblongae
1638 2598 1708 2642 vel
1733 2598 1993 2642 lanceolato·

588 2660 777 2704 lineares
803 2659 846 2701 in
875 2662 962 2702 tota
988 2658 1252 2714 receptaculi
1278 2658 1525 2714 superficie.

851 2793 1006 2838 Snnms
1038 2794 1089 2836 A.
1129 2818 1179 2824 --
1212 2793 1447 2836 Perennes.

972 2908 991 2926 *
1014 2909 1165 2956 Ligulae
1184 2909 1310 2946 ssavae.

337 3000 390 3036 A.
418 2998 767 3046 Bz’eberstemiana,
795 2997 1060 3046 Trotslayana,
1079 2996 1352 3046 Kotsckyana.
