2090 3291
253 217 324 253 626
988 223 1233 250 composrrae.
1719 212 1957 251 Centaurea.

255 299 378 350 culis.
397 297 525 351 pappi
548 296 634 339 albi
658 296 772 339 serie
789 295 1050 338 intermedia
1072 295 1250 339 achenio
1266 295 1395 338 tertia
1415 298 1539 349 parte
1556 294 1766 348 longiore,
1788 294 1964 337 interna

257 371 305 400 eo
333 356 465 411 triplo
492 356 716 398 breviores
733 361 793 402 26.

304 430 406 465 Hab.'
418 430 459 464 in
474 429 721 475 rupestribus
736 427 877 463 Cadmi
892 427 1075 463 centralis
1091 437 1211 474 supra.
1223 426 1413 463 Denisleh
1426 427 1466 462 in
1482 426 1597 462 Caria
1609 427 1755 472 (B.oiss!
1766 427 1912 463 Pinard
1924 429 1965 473 l),

256 478 302 513 ad
322 476 531 513 Safranbol
550 479 588 511 et
606 476 647 510 in
668 478 799 511 monte
818 474 1119 520 Keschichdagh
1140 483 1263 521 prope
1282 473 1412 510 Tokat
1435 474 1616 519 (Wiedl).
1635 474 1687 509 Fl.
1707 474 1796 509 Jun.

304 540 446 576 Caules
465 537 729 585 semipedales
756 538 882 573 rarius
902 537 1061 584 pedales
1076 537 1248 583 fragiles,
1268 548 1313 573 ca
1342 537 1441 573 itula
1459 539 1517 574 eis
1537 535 1578 574 C.
1599 537 1698 574 albae
1715 537 1963 581 suhminora,

255 588 438 623 soliorum
461 589 711 632 segmentum
730 585 933 621 terminale
951 585 1015 620 5-7
1033 584 1159 620 lineas
1179 584 1301 620 diam.
1338 586 1464 629 atum3
1487 585 1635 632 species
1654 585 1960 631 elegantissima.

325 704 385 744 15.
420 702 474 745 C.
512 701 689 755 Lycia
722 700 881 755 (Boiss.
909 700 1064 754 DIagn.
1095 700 1186 742 Ser.
1215 700 1248 750 I,
1291 701 1359 752 10,
1394 713 1434 755 p.
1462 702 1566 756 109)
1603 701 1814 756 adpresse
1854 714 1963 755 pan-

256 774 362 804 nosa
390 773 510 811 cana,
528 760 766 802 rhizomate
782 759 1006 808 indurato,
1025 760 1225 802 caulibus
1246 759 1648 803 extrarosularibus
1676 771 1805 814 parce
1822 772 1964 802 ramo-

259 822 336 872 sis,
363 819 478 862 foliis
506 818 770 861 radicalibus
796 817 1015 873 petiolatis
1045 817 1249 860 indivisis
1282 819 1421 861 ovatis
1452 819 1522 861 vel
1550 820 1703 873 lyratis
1738 823 1964 872 segmento

258 878 477 922 terminali
513 880 640 920 ovalo
684 878 753 919 vel
798 877 983 931 oblongo
1032 877 1297 920 denticulato
1343 877 1597 920 lateralibus
1642 878 1849 931 utrinque
1889 879 1964 920 1-2

258 935 716 990 oblongo-lanceolatis
751 935 1101 987 decurrentibus,
1136 935 1249 978 foliis
1277 935 1462 979 caulinis
1498 936 1728 979 sessilibus
1750 936 1963 990 basi-pin·

260 996 509 1040 natilobatis
536 995 720 1038 summis
755 994 1204 1048 oblongo-linearibus
1238 995 1402 1049 parvis,
1438 996 1640 1049 capitulis
1667 995 1967 1038 mediocribus

257 1055 410 1098 ovatis.
434 1053 650 1098 involucri
672 1054 831 1108 phyllis
857 1053 1017 1106 pallide
1042 1053 1387 1097 fuscescentibus
1409 1054 1548 1096 ovatis
1573 1054 1826 1096 membrana
1845 1054 1964 1095 latis·

259 1116 369 1157 sima
409 1113 704 1166 albo-hyalina
742 1112 877 1155 nilida
916 1112 1109 1155 obsolete
1149 1112 1413 1155 denticulata
1440 1113 1694 1166 marginatis
1734 1112 1964 1156 cucullatis

258 1173 428 1216 obtusis
456 1172 629 1214 muticis
665 1172 734 1214 vel
768 1183 976 1213 mucrone
1010 1175 1161 1214 tenero
1196 1171 1457 1214 brevissimo
1496 1173 1731 1226 superatis,
1768 1171 1966 1215 flosculis

258 1233 411 1284 roseis,
439 1231 678 1274 acheniis..
700 1262 711 1273 .
739 1236 798 1278 26.

306 1306 405 1341 Hal).
428 1304 478 1340 ad
496 1314 612 1351 rupes
630 1304 760 1350 Lyciae
778 1314 898 1351 prope
917 1304 1077 1340 Elmalu
1096 1303 1296 1349 (Pestall).

306 1368 428 1403 Valde
454 1368 581 1403 affinis
604 1366 641 1403 C.
668 1367 855 1403 Cadmeae
873 1372 909 1403 et
936 1368 1069 1403 forsan
1095 1368 1127 1414 ej
1136 1378 1179 1403 us
1206 1368 1389 1412 varietas,
1408 1367 1460 1403 ab
1481 1370 1527 1403 ea
1544 1367 1673 1404 differt
1689 1366 1796 1402 foliis
1815 1367 1965 1402 infimis

262 1416 457 1459 indivisis,
475 1419 706 1451 eaeterorum
724 1418 926 1460 segmento
942 1415 1140 1451 terminali
1155 1415 1302 1461 majore
1320 1415 1492 1460 dentato,
1508 1415 1658 1461 phyllis
1677 1414 1830 1450 obtusis
1848 1414 1967 1449 muti-

258 1465 312 1499 eis·
330 1462 393 1498 vel
419 1462 652 1497 mucronulo
670 1461 905 1498 brevissimo
920 1463 1129 1508 superatis.

326 1577 386 1617 16.
425 1575 478 1618 C.
505 1573 879 1629 Aphrodisea
913 1574 1071 1629 (Boiss.
1108 1575 1259 1628 Diagn.
1297 1574 1390 1617 Ser.
1420 1574 1452 1626 I,
1477 1575 1516 1625 4,
1543 1587 1584 1629 p.
1614 1574 1686 1630 17)
1720 1575 1965 1627 adpressis-

260 1636 367 1677 sime
405 1647 524 1687 cana,
566 1633 803 1676 rhizomate
846 1634 1065 1684 indurato,
1106 1633 1304 1677 caulibus
1341 1634 1546 1688 pluribus
1585 1635 1743 1676 erectis
1781 1633 1966 1687 virgatis

259 1694 409 1738 stricte
437 1693 633 1743 ramosis,
657 1693 769 1735 foliis
791 1692 1074 1735 inferioribus
1101 1693 1320 1747 petiolatis
1346 1692 1509 1735 ambitu
1535 1692 1780 1735 lanceolatis
1801 1692 1845 1734 in
1863 1693 1965 1735 laci—

262 1754 354 1796 nias
383 1756 566 1806 anguste
595 1751 992 1805 oblongo-lineares
1019 1755 1165 1795 acutas
1194 1752 1508 1806 pinnatisectis.
1532 1751 1804 1794 intermediis
1832 1751 1966 1794 sessi-

262 1813 389 1862 libus,
418 1812 601 1854 summis
628 1810 1035 1865 squamaeformibus
1063 1811 1259 1862 minutis,
1289 1810 1491 1865 capitulis
1523 1810 1830 1853 terminalibus
1862 1810 1965 1853 soli-

263 1872 385 1914 tariis
417 1870 710 1913 mediocribus
745 1870 898 1919 ovatis,
925 1869 1141 1912 involucri
1174 1870 1311 1923 glabri
1346 1869 1508 1924 phyllis
1537 1869 1711 1924 pallidis
1737 1870 1806 1911 vel
1831 1868 1968 1913 fuscis

261 1931 400 1973 uvalis
424 1931 509 1972 late
535 1928 998 1972 albo-membranaceis
1021 1928 1215 1971 obsolete
1238 1928 1515 1972 denticulatis
1544 1929 1696 1971 laceris
1724 1928 1764 1970 in
1790 1940 1964 1971 mucro·

265 2002 360 2031 nem
396 1993 612 2031 setaceuni
637 1988 814 2030 brevem
839 1987 1117 2037 abeuntibus,
1140 1987 1334 2031 flosculis
1356 1987 1511 2039 roseiS‚
1535 1988 1726 2030 acheniis
1751 1986 1967 2040 glabrius·

260 2049 388 2099 culis,
423 2048 553 2102 pappi
589 2049 703 2089 serie
729 2046 990 2088 intermedia
1026 2046 1203 2089 achenio
1240 2046 1523 2100 sublongiore
1557 2048 1729 2089 interna
1759 2044 1966 2089 brevissi-

260 2110 330 2149 ma
366 2113 425 2154 34,

309 2172 408 2207 Hah.
425 2173 463 2207 in
489 2171 657 2207 collibus
673 2172 826 2206 saxosis
842 2182 961 2218 prope
978 2171 1110 2217 Geyra
1125 2171 1420 2218 (Aphrodisias)
1438 2171 1562 2207 Cariae
1580 2171 1758 2216 (Boissl)‚
1772 2171 1812 2206 in
1824 2169 1968 2206 Tmolo

260 2219 491 2256 occidentali
510 2220 558 2254 ad
578 2218 764 2263 Bozdagh
784 2218 884 2262 (Bal.
903 2219 1017 2263 2651).

307 2285 450 2321 Gaulos
464 2285 586 2319 stricti
603 2288 738 2320 tenues
755 2283 1062 2330 sesquipedales,
1074 2283 1248 2330 capitula
1263 2283 1319 2319 eis
1337 2282 1376 2319 C.
1395 2282 1495 2319 albae
1508 2282 1672 2318 minora.
1687 2284 1721 2317 A
1734 2281 1772 2318 C.
1789 2278 1967 2318 Cadmeci

261 2336 298 2368 et
315 2330 441 2380 Lycia}
461 2332 566 2367 foliis
582 2341 661 2367 non
680 2331 819 2377 lyratis
840 2333 907 2366 sed
927 2332 967 2365 in
986 2331 1148 2366 lacinias
1163 2341 1309 2378 paucas
1329 2331 1503 2366 minutas
1519 2329 1686 2365 lineares
1697 2329 1811 2365 sectis
1822 2328 1962 2364 differt.

326 2448 389 2488 17.
425 2446 480 2489 C.
508 2444 838 2500 Lycaonica
862 2444 1025 2500 (Boiss.
1048 2448 1091 2487 et
1109 2444 1260 2487 Heldr.
1278 2445 1431 2498 Diagn.
1452 2443 1544 2487 Ser.
1566 2443 1620 2495 ΙΙ,
1635 2446 1674 2491 5,
1693 2457 1732 2498 p.
1752 2445 1853 2500 111)
1880 2445 1966 2488 sub

264 2507 376 2548 lente
410 2517 539 2560 parce
574 2504 732 2546 hirtula
767 2504 935 2553 viridis,
972 2504 1168 2547 caulibus
1202 2516 1224 2546 e
1252 2504 1488 2546 rhizomate
1516 2503 1718 2546 indurato
1753 2505 1826 2558 (an
1853 2515 1968 2547 sem-

264 2564 395 2620 per-i)
424 2564 549 2606 nanis
582 2562 885 2617 izi-cephalis,
912 2563 1028 2605 foliis
1054 2563 1234 2606 minutis
1258 2563 1477 2617 punctatis
1501 2562 1547 2604 in
1570 2561 1782 2605 lacinulas
1807 2574 1967 2616 paucas

262 2625 419 2666 breves
442 2626 626 2676 anguste
655 2623 841 2663 lineares
872 2622 1034 2664 rachidi
1061 2622 1228 2664 similes
1253 2623 1362 2665 callo
1396 2624 1675 2664 mucronatas
1703 2622 1966 2664 divaricatas

264 2682 578 2738 pinnatiseetis.
610 2680 915 2734 superioribus
950 2681 1164 2731 indivisis.
1201 2681 1402 2735 capitulis
1433 2679 1725 2723 mediocribus
1754 2680 1966 2733 oblongis-

258 2741 473 2784 involucri
498 2740 634 2794 glabri
659 2739 816 2793 phyllis
836 2740 1058 2793 adpressis
1080 2740 1251 2793 pallidis
1270 2739 1563 2783 obtusissimis
1583 2738 1754 2782 muticis
1772 2750 1966 2794 superne

261 2799 666 2854 nigro—sphacelatis
693 2803 735 2840 et
763 2800 1012 2854 membrana
1042 2799 1127 2841 lata
1155 2799 1328 2853 hyalina
1350 2799 1493 2841 lacera
1530 2797 1780 2839 decurrenti
1809 2798 1965 2851 margi-

261 2860 387 2909 natis,
414 2858 718 2912 superioribus
743 2857 986 2907 cucullatis,
1010 2858 1202 2900 flosculis
1227 2859 1366 2900 roseis
1398 2857 1471 2898 vix
1507 2856 1794 2909 radiantibus,
1820 2868 1966 2911 pappo

260 2918 563 2973 tacheniorum
582 2917 829 2971 Juniorunn)
854 2917 1051 2969 elongato
1089 2922 1148 2964 26.

309 2991 408 3027 Hah.
428 2990 467 3025 in
487 2989 608 3025 aridis
626 2989 839 3035 Lycaoniae
858 2989 957 3025 inter
978 2989 1182 3035 Beychehr
1200 2992 1237 3024 et
1258 2989 1414 3024 Koniah
1436 2988 1627 3034 (Heldrlj).
1647 2988 1704 3023 Fl.
1729 2988 1822 3023 Mai.
