2090 3291
235 216 306 253 590
968 220 1213 247 composa-rm.
1710 210 1941 250 Serratula.

236 298 304 339 vel
327 294 642 350 glabrescentis
665 293 826 349 phyllis
847 293 1053 336 coriaceis
1071 292 1298 347 adpressis
1323 292 1486 335 sensim
1508 293 1948 347 spinoso-attenuatis

233 354 578 408 triangularibus
599 356 642 396 et
658 351 911 395 lanceolatis
930 352 1051 406 apice
1074 352 1342 404 substriatis‚
1361 350 1527 394 intimis
1551 352 1793 396 linearibus
1819 353 1943 408 longe

232 411 859 464 membranaceo-acuminatis,
887 411 1101 453 acheniis.
1120 441 1131 452 .
1151 442 1161 451 .
1201 416 1238 459 ’ῃ
1252 444 1260 452 .

278 489 376 524 Hah.
393 490 434 524 in
453 488 612 534 regione
627 487 664 523 al
698 488 775 531 ina,
788 487 933 523 Persiae
947 486 1120 523 borealis
1134 487 1174 522 in
1186 488 1318 522 monte
1334 486 1480 523 Elbrus
1496 487 1614 523 occid.
1629 498 1749 534 prope
1760 489 1945 525 Asadbar

228 537 314 583 (ΚΥ.
332 536 421 572 457!
443 536 518 571 sub
537 534 576 572 S.
599 545 652 570 nu
684 534 834 582 ieaulz),
861 533 1064 570 montibus
1089 536 1294 570 Avi-oman
1314 536 1352 569 et
1374 533 1533 570 Schahu
1557 534 1825 571 Kurdistaniae
1850 536 1942 572 Per-

227 585 319 620 sicae
343 583 471 618 10000‘
491 582 672 627 (Haussk
683 583 721 625 l).

275 647 410 682 Facies
428 644 466 682 S.
486 644 712 682 nudicaulis
731 644 879 691 plantae
903 644 1158 680 occidentalis
1176 643 1325 691 phyllis
1343 645 1551 691 abruptius
1564 645 1724 692 longius
1748 647 1785 681 et
1804 647 1942 693 patule

224 693 441 741 spinulosis
485 696 522 728 et
560 691 599 729 S.
639 691 797 738 ylaucae
838 691 983 728 Ledeb.
1029 691 1206 728 Sibiricae
1245 691 1352 727 foliis
1393 692 1640 728 intermediis
1690 693 1938 740 pinnatifidis

227 742 489 778 diversarum.
510 739 549 776 S.
595 739 716 775 Zauca
730 750 814 775 var.
830 738 923 775 C.A.
943 739 1047 785 Mey.
1064 739 1208 775 Enum.
1227 750 1262 786 p.
1280 739 1328 775 68
1345 750 1393 775 ex
1411 739 1614 776 montibus
1632 750 1746 787 prov·
1763 740 1939 787 Talysch

226 799 345 835 quam
366 797 443 823 non
466 786 550 823 vidi
600 788 647 822 uc
668 786 926 834 probabiliter
944 788 1105 833 spectat.

293 905 356 945 14.
390 901 441 946 S.
480 901 770 956 Kotschyi
811 901 971 957 (Boiss.
1001 901 1048 944 in
1081 902 1163 956 Ky.
1200 914 1290 944 exs.
1333 901 1465 956 1859)
1500 902 1763 956 glaberrima
1797 903 1937 946 nitida

224 963 424 1005 caulibus
464 961 646 1015 virgatis
683 973 813 1016 parce
851 964 894 1004 et
934 961 1086 1004 stricte
1124 962 1310 1004 ramosis
1348 961 1574 1016 ramisque
1608 962 1933 1016 monocephalis

223 1021 378 1064 crebre
408 1020 590 1072 foliosis,
621 1020 734 1063 foliis
767 1020 949 1074 integris
987 1020 1140 1074 rigidis
1173 1020 1422 1064 lanceolatis
1454 1020 1636 1074 integris
1667 1021 1935 1064 radicalibus

222 1081 263 1123 in
289 1080 498 1135 petiolum
524 1081 777 1132 attenuatis,
805 1080 991 1123 caulinis
1021 1079 1253 1123 sessilibus
1279 1080 1458 1132 strictis,
1483 1079 1642 1122 rameis
1675 1080 1934 1133 linearibus,

221 1140 425 1194 capitulis
473 1139 614 1181 ovatis
654 1138 950 1182 mediocribus
991 1139 1087 1182 basi
1124 1138 1476 1190 subattenuatis‚
1513 1139 1730 1182 involucri
1766 1140 1933 1194 phyllis

220 1199 401 1242 minutis
429 1198 655 1252 adpressis
680 1197 1025 1251 triangularibus
1052 1198 1191 1242 ovatis
1220 1202 1262 1242 et
1295 1198 1494 1251 oblongis
1522 1196 1927 1252 nigro-marginatis

218 1258 387 1301 obtusis
432 1258 608 1313 spinula
645 1256 918 1311 longiuscula
954 1256 1188 1311 subpatula
1230 1261 1274 1300 in
1310 1257 1594 1300 inferioribus
1625 1257 1708 1300 cito
1745 1257 1928 1301 decidua

220 1317 465 1371 superatis,
505 1316 758 1359 intimarum
791 1317 1017 1371 longarum
1052 1317 1289 1359 linearium
1319 1327 1528 1360 mucrone
1560 1317 1704 1368 molli,
1734 1317 1928 1360 flosculis

218 1377 372 1427 roseis,
402 1375 592 1419 acheniis
630 1375 982 1430 subconipressis
1019 1376 1204 1419 laevibus
1238 1389 1380 1431 pappo
1417 1375 1593 1418 sordido
1629 1376 1827 1420 scabrido
1864 1375 1930 1419 eis

219 1436 568 1491 sesquilongiore
596 1435 817 1490 superatis
853 1442 912 1483 26.

217 1557 238 1591 h
250 1509 369 1592 leab.
383 1509 424 1544 in
436 1508 639 1545 montibus
655 1507 840 1545 calcareis
852 1509 1051 1545 Armeniae
1066 1508 1248 1545 Kurdicae
1261 1509 1311 1545 ad
1323 1519 1470 1557 pagum
1486 1509 1579 1544 Best
1591 1508 1696 1545 6000’
1708 1508 1799 1556 (Ky.
1809 1509 1880 1546 475
1890 1510 1927 1554 l).

233 1557 273 1591 “.
307 1557 395 1603 'ept.

263 1613 431 1654 Pedalis,
457 1613 576 1648 facies
605 1611 827 1656 Galatelloe,
853 1613 949 1649 folia
966 1612 1158 1649 radicalia
1174 1622 1265 1649 cum
1283 1612 1432 1659 petiolo
1449 1612 1750 1660 4·5-pollicaria‚
1769 1612 1927 1649 caulina

213 1661 277 1696 2-2
293 1660 563 1708 ¹J2-pollicaria
580 1660 601 1695 4
620 1659 748 1695 lineas
766 1659 858 1706 lata,
875 1670 1009 1696 ramea
1026 1660 1164 1696 crebra
1181 1663 1362 1707 angusta,
1380 1660 1556 1707 capitula.
1572 1661 1627 1696 eis
1642 1659 1681 1697 S.
1700 1659 1926 1697 nudicaulis

216 1709 369 1744 minora
388 1712 425 1744 et
442 1708 529 1743 basi
549 1707 852 1754 subaugustata.

276 1825 339 1865 15.
386 1822 438 1866 S.
479 1822 815 1875 Caucasica‚
857 1823 1017 1877 glabra,
1055 1823 1178 1866 caule
1218 1823 1372 1866 humili
1408 1822 1735 1876 simplicissimo
1771 1823 1924 1866 folioso

210 1883 546 1936 monocephalo‚
586 1881 698 1923 foliis
738 1883 944 1925 coriaceis
978 1883 1231 1926 lanceolatis
1265 1882 1538 1936 inaequaliter
1574 1882 1758 1924 serratis
1793 1893 1923 1927 secus

210 1943 379 1985 caulem
417 1943 503 1985 late
540 1941 880 1985 decurrentibus
915 1941 1121 1985 dentibus
1156 1941 1700 1996 spinuloso·mucronatis‚
1733 1941 1921 1996 capitulo

208 2001 452 2055 majusculo
476 2004 617 2053 ovato,
642 1999 861 2044 involucri
887 2001 1204 2055 glabrescentis
1229 2000 1388 2055 phyllis
1411 2000 1618 2043 coriaceis
1641 2000 1800 2043 erectis
1826 2001 1921 2043 lan-

208 2061 385 2103 ceolatis
409 2060 453 2102 in
477 2060 648 2114 spinam
674 2061 951 2103 suberectam
969 2061 1033 2103 eis
1051 2061 1184 2115 duplo
1210 2060 1461 2103 breviorem
1480 2060 1646 2102 sensim
1668 2061 1923 2112 attenuatis,

207 2119 373 2162 intim1s
396 2119 606 2173 elongatis
631 2119 823 2163 molliter
849 2120 1122 2173 acuminatis„
1150 2119 1344 2162 flosculis
1373 2119 1627 2174 purpureis.
1650 2118 1853 2161 achenio.
1873 2151 1910 2160 ..

219 2185 278 2225 ᾍ.
303 2177 545 2221 Centaurea
569 2177 825 2221 cichoracea
841 2178 959 2222 Stev.
977 2178 1101 2222 Mem.
1121 2178 1257 2233 Mosq.
1278 2178 1350 2232 1V,
1372 2191 1412 2232 p.
1443 2179 1512 2221 66.
1527 2201 1580 2209 -
1601 2176 1642 2220 S.
1663 2176 1920 2221 cichoracea

207 2250 287 2280 ω).
314 2237 469 2280 Prodr.
493 2237 565 2289 VI,
588 2251 630 2293 p.
658 2239 743 2280 670
772 2249 826 2280 ex
852 2242 990 2292 parte.

255 2311 359 2346 Hah.
387 2311 427 2346 in
454 2312 559 2357 agris
598 2311 734 2347 otiosis
760 2311 928 2347 Caucasi
958 2311 1158 2348 orientalis
1186 2312 1388 2358 subalpini
1418 2312 1618 2348 Kubensis
1644 2312 1745 2348 circa
1769 2322 1919 2359 pagum

206 2358 370 2405 Soygyb
389 2362 425 2394 et
444 2369 565 2406 supra
589 2358 788 2406 Chinalug
810 2360 919 2404 (Stev
931 2361 968 2405 l).
988 2359 1072 2395 Vid.
1089 2359 1230 2396 folium
1249 2362 1287 2395 et
1303 2359 1522 2407 capitulum
1542 2361 1581 2395 in
1597 2369 1671 2395 nc.
1690 2359 1798 2395 herb.

251 2423 286 2458 A
302 2422 583 2458 recentioribus
602 2432 683 2458 non
701 2422 800 2459 lecta
818 2426 855 2459 et
869 2422 1219 2470 incompletissirne
1237 2426 1331 2459 nota
1351 2423 1420 2459 sed
1439 2434 1462 2459 a
1480 2422 1522 2460 S.
1534 2420 1768 2460 eichoraeed
1781 2422 1918 2459 Italica

205 2473 347 2516 praeter
364 2470 532 2517 patriam
551 2469 869 2506 diversissimam
893 2470 1002 2506 caule
1030 2470 1174 2506 humili
1198 2470 1421 2518 spithameo
1442 2471 1522 2506 late
1540 2481 1610 2506 nec
1632 2470 1918 2516 angustissime

203 2516 319 2560 alato⁷
329 2516 562 2564 phyllorum
579 2518 704 2564 spinis
719 2518 852 2553 minus
869 2518 1053 2554 tenuibus
1065 2518 1334 2554 erectiusculis
1349 2528 1419 2554 nee
1433 2518 1589 2553 reflexis
1604 2519 1705 2554 certe
1720 2517 1915 2554 distincta.

205 2564 379 2610 Utraque
398 2564 582 2611 capitulis
601 2565 831 2611 maJusculis
850 2568 887 2601 et
907 2565 1057 2613 phyllis
1081 2565 1200 2612 longe
1223 2566 1395 2613 spinosis
1415 2565 1453 2602 S.
1475 2569 1725 2601 mucronatae
1747 2565 1852 2601 Desf.
1880 2568 1918 2601 et

203 2609 242 2647 S.
258 2611 490 2657 flavescenti
504 2612 635 2648 Poiret
655 2613 790 2649 affines
810 2615 914 2659 sunt,
933 2613 1001 2649 sed
1020 2612 1126 2649 foliis
1144 2613 1443 2649 decurrentibus
1463 2613 1642 2649 diversae.

202 2744 325 2787 Secr.
352 2744 424 2786 ΙΙΙ.
454 2745 749 2788 Piprocnffiru.
776 2770 831 2777 --
858 2745 1011 2788 Flores
1039 2747 1231 2801 aequales
1257 2744 1616 2800 hermaphroditi.
1649 2745 1785 2799 Pappi
1810 2747 1915 2787 setae

814 2816 962 2860 paucae
986 2805 1298 2849 caducissimae.

268 2933 331 2973 16.
367 2931 418 2974 S.
455 2929 985 2976 xeranthemoides
1017 2930 1146 2987 (ΜΒ.
1173 2932 1305 2975 Taur.
1330 2930 1456 2974 Cauc.
1481 2931 1534 2984 ΙΙ,
1553 2944 1592 2986 p.
1614 2930 1721 2980 ⁰265)
1737 2930 1912 2985 papillis

200 2991 412 3043 elongatis
439 2990 596 3045 crispis
630 2990 757 3043 hirta,
784 2991 907 3033 caule
942 3004 965 3033 a
1004 2990 1097 3034 basi
1124 2991 1368 3034 dichotome
1404 2990 1704 3034 ramosissimo
1741 2991 1834 3032 laxe
1869 2992 1915 3032 et
