2095 3206
198 184 245 220 60
938 195 1161 222 RussiAcEAE.
1711 186 1889 223 Galmm.

200 268 292 312 Ser.
319 271 350 311 I.
378 272 442 311 110.
471 281 510 321 p.
536 271 604 311 66.
631 289 686 298 -
712 269 759 311 G.
778 267 1058 320 fruticosum
1085 267 1199 310 Sieb.
1226 279 1317 309 exs.
1352 279 1433 309 non
1458 267 1605 310 Willd.
1633 292 1685 298 —
1719 266 1766 309 G.
1792 267 1896 320 jun-

200 339 317 368 eeum
346 328 470 369 Held.
495 329 553 382 pl.
582 326 656 369 Gr.
682 339 772 370 exs.
800 339 885 369 uon
914 326 1049 368 Sibtb.

247 400 346 434 Hab.
375 401 413 434 in
437 400 558 446 pratis
577 400 781 446 paludosis
810 399 981 443 regionis
1009 399 1201 434 inferioris
1220 401 1257 435 et
1282 402 1494 440 montanae,
1524 399 1818 445 Peloponnesus
1839 398 1888 434 ad

199 449 325 491 Argos
344 447 528 490 (Heldrl),
554 450 590 481 et
621 446 833 492 Naupliam
863 446 1002 492 (Orpb.
1027 446 1083 480 Fl.
1103 447 1170 482 Gr.
1201 457 1282 482 exs.
1301 446 1564 492 557l),Eubea
1581 450 1678 493 sept.
1699 445 1839 490 (Heldr
1855 447 1891 489 l),

199 493 350 527 OEtolia
370 494 408 528 in
429 494 722 537 scaturiginosis
753 503 829 538 reg.
859 493 1063 538 sylvaticae
1092 494 1237 529 montis
1269 493 1419 539 Velugo
1438 494 1639 538 (Samari),
1665 492 1892 529 Macedonia

196 540 244 574 ad
266 540 425 575 Vodena
442 540 618 585 (Orph!)‚
637 541 749 575 Creta
768 540 920 583 (Siebl),
938 540 987 576 ad
1005 540 1276 576 Enneacboria
1294 541 1473 585 (Heldrl)
1491 543 1528 575 et
1555 541 1709 575 Khania
1727 539 1896 584 (Bauli),

198 586 324 631 Lydia
344 587 382 621 in
404 586 543 621 Tmolo
564 587 663 622 circa
683 587 866 631 Bozdagh
885 587 987 631 (Bal.
1001 587 1071 623 255
1084 589 1121 631 l).
1141 587 1200 622 Fl.
1220 587 1295 622 Jul.

197 651 275 731 ds}
303 650 611 695 prrecedentibus
637 650 797 685 floribus
816 650 987 685 breviter
1012 650 1255 696 pedicellatis
1274 650 1314 685 in
1333 661 1468 695 cymas
1488 651 1680 697 capitatas
1697 649 1893 694 congestis

224 707 255 731 1s
278 697 433 731 inctum.

242 761 304 794 Ar.
335 759 466 804 Geoqr.
496 760 626 795 Gallia
642 759 904 805 occidentalis,
924 760 1094 805 Corsica,
1112 760 1302 804 Sardinia,
1328 760 1452 796 Italia.
1471 760 1592 796 [stria.

255 875 322 914 35.
359 870 417 914 G.
439 871 741 915 Tmoleum
760 872 921 917 (Boiss.
942 872 1093 926 Diagn.
1118 871 1249 925 Ser.l,
1273 874 1310 923 3,
1337 887 1375 927 p.
1410 872 1486 927 41)
1510 873 1774 926 cespitosum
1808 873 1894 926 gla-

197 932 466 974 briusculum
506 932 612 974 laeve
648 933 837 974 siccitate
870 932 1134 985 nigrescens,
1167 931 1363 974 caulibus
1399 932 1590 974 tenuiter
1616 931 1891 973 filiformibus

196 991 412 1033 debilibus
441 990 650 1043 elongatis
670 991 1056 1044 procumbentibus
1090 990 1417 1044 quadrangulis,
1440 991 1553 1032 foliis
1592 990 1709 1032 senis
1734 990 1893 1043 ellipti-

195 1050 254 1091 cis
279 1049 485 1101 utrinque
508 1050 741 1091 attenuatis
767 1049 1026 1092 brevissime
1046 1050 1310 1092 mucronatis
1337 1051 1492 1092 subtus
1517 1049 1708 1091 tenuiter
1735 1060 1895 1090 nervo-

195 1107 254 1148 sis
291 1110 449 1161 praeter
477 1107 681 1150 iuferiora
708 1108 752 1149 in
789 1109 1025 1151 verticillos
1066 1110 1253 1150 remotos
1290 1108 1512 1163 dispositis
1539 1119 1653 1162 saepe
1696 1107 1893 1157 deflexis,

193 1165 452 1220 pedunculis
485 1166 788 1209 terminalibus
826 1168 964 1221 longis
989 1168 1200 1210 2-3-t01ne
1225 1171 1268 1208 et
1293 1168 1442 1210 stricte
1480 1166 1742 1220 paucissoris,
1766 1165 1885 1218 pedi-

192 1225 311 1267 eellis
359 1224 520 1267 strictis
566 1225 862 1278 longiusculis,
900 1227 1070 1269 corollae
1112 1226 1219 1269 albae
1266 1227 1376 1270 lobis
1424 1226 1620 1278 oblongis
1666 1223 1893 1266 trinerviis

192 1283 346 1325 obtuse
363 1287 404 1325 et
421 1283 616 1326 breviter
634 1286 959 1335 mucronulatis,
985 1285 1177 1328 antberis
1204 1285 1532 1339 nigricantibus,
1555 1285 1668 1337 stylo
1691 1284 1744 1325 ad
1769 1283 1889 1324 basin

194 1342 412 1395 bipartito,
439 1343 587 1384 ovario
617 1343 710 1385 lfcvi
745 1349 803 1389 26.

237 1415 340 1450 Hab.
362 1415 401 1449 in
420 1415 571 1450 rivulos
584 1415 736 1461 alpinos
754 1416 898 1461 Lydiae,
918 1427 1031 1452 mons
1049 1417 1215 1453 Tmolus
1243 1417 1292 1452 ad
1313 1417 1498 1462 Bozdagh
1525 1416 1702 1461 (Boissi).
1724 1414 1779 1450 Fl.
1799 1415 1889 1450 Jun.

237 1479 482 1525 Semipcdale
505 1480 565 1515 vel
582 1479 731 1525 pedale,
751 1480 845 1515 folia
862 1480 926 1515 3-4
945 1481 1013 1516 lin.
1038 1481 1155 1527 longa
1172 1483 1190 1517 1
1211 1481 1359 1516 lineam
1377 1481 1466 1516 lata.
1485 1480 1620 1516 Facies
1638 1479 1682 1516 G.
1700 1480 1892 1527 palustris*

189 1537 211 1561 a
231 1537 307 1571 quo
327 1529 507 1561 caeterum
528 1527 643 1571 longe
662 1527 791 1562 differt
808 1527 918 1562 caule
938 1527 1119 1574 foliisque
1134 1528 1361 1563 laevissimis
1380 1529 1484 1564 hisce
1504 1528 1753 1571 mucronatis,
1774 1526 1885 1573 pedi-

188 1573 296 1608 cellis
316 1574 460 1608 strictis
480 1584 548 1608 nec
570 1574 804 1619 divaricatis,
822 1574 980 1610 corollae
999 1575 1158 1619 maioris
1173 1575 1275 1610 lobis
1294 1575 1514 1621 apiculatis.

766 1717 787 1771 ξ
823 1718 859 1758 3.
895 1716 1329 1772 Chromoqalia.

247 1839 313 1880 36.
349 1838 408 1881 G.
443 1838 797 1881 fruticosum
828 1839 992 1888 (Willd.
1015 1839 1137 1893 Spec.
1161 1840 1193 1882 Ι,
1220 1854 1261 1894 p.
1286 1839 1391 1895 585)
1414 1840 1626 1893 glabrum.
1653 1840 1785 1882 ramis
1798 1841 1889 1884 fru-

185 1897 331 1939 ticosis
359 1898 521 1939 crassis
544 1898 699 1940 erectis
723 1897 846 1940 elatis
872 1899 1080 1941 flexuosis
1106 1911 1234 1952 parce
1273 1902 1315 1942 et
1338 1899 1487 1942 stricte
1514 1899 1696 1941 ramosis
1721 1903 1886 1942 remote

185 1956 348 1997 foliosis
375 1957 610 2007 tetragonis
636 1957 805 2009 augulis
829 1957 1009 2000 elevatis
1031 1957 1215 2009 obtusis,
1231 1958 1343 2000 foliis
1368 1958 1593 2011 quaternis
1617 1957 1887 1999 crassiuscu-

189 2014 239 2055 lis
268 2016 452 2057 obverse
474 2016 718 2058 lanceolatis
745 2017 836 2057 basi
864 2015 989 2069 longe
1012 2018 1245 2059 attenuatis
1260 2017 1553 2059 obtusissimis
1579 2017 1760 2059 laevibus
1783 2018 1886 2059 sub-

187 2076 258 2114 tus
281 2077 462 2123 auguste.
491 2075 704 2123 nervosis,
724 2075 860 2128 cymis
883 2075 1077 2117 breviter
1100 2076 1404 2130 pedunculatis
1428 2075 1744 2118 confertissime
1769 2077 1883 2117 mul·

185 2132 341 2173 tifloris
361 2133 602 2186 paniculam
619 2133 919 2185 corymbosam
935 2134 1236 2182 formantibus,
1261 2134 1482 2188 pedicellis
1507 2134 1754 2176 divaricatis
1776 2134 1887 2177 flore

185 2190 256 2231 vix
282 2191 549 2243 longioribus
592 2192 907 2241 cbracteolatis,
936 2194 1107 2235 corollae
1134 2193 1400 2236 ocbroleucae
1429 2193 1537 2235 iobis
1571 2193 1709 2234 ovatis
1742 2193 1886 2234 brevi-

182 2252 250 2290 ter
275 2253 316 2291 et
343 2250 496 2291 obtuse
524 2251 793 2292 acuminatis.
831 2251 1024 2293 antheris
1066 2252 1252 2304 pallidis.
1286 2252 1434 2294 ovario
1461 2252 1609 2305 glabro
1633 2258 1667 2298 5.
1702 2251 1749 2293 G.
1783 2251 1886 2302 jim-

184 2318 302 2347 (Ἔπη)
329 2307 464 2350 Sibtb.
489 2308 549 2350 Fl.
579 2308 715 2351 Graec.
738 2311 790 2353 ῙΙ.
820 2323 857 2363 p.
887 2312 955 2363 ⁶21,
980 2311 1064 2353 tab.
1095 2312 1192 2352 127.

228 2382 327 2417 Hab.
348 2384 386 2417 in
407 2383 520 2419 Creta
538 2383 586 2418 ad
603 2394 718 2429 rupes
740 2385 909 2429 regionis
934 2386 1252 2431 sempervirentis
1264 2385 1436 2429 (Sibth.
1449 2386 1497 2421 ad
1514 2387 1683 2431 Armyro
1702 2388 1739 2420 et
1753 2385 1881 2420 Akro-

181 2430 243 2464 tiri
262 2429 448 2474 (Heldr!],
468 2431 516 2465 ad
533 2431 686 2466 Kbania
705 2432 798 2466 etin
818 2442 929 2478 prov.
949 2432 1126 2478 Sphakia
1147 2433 1310 2478 (Bauli).
1329 2433 1382 2468 Fl.
1403 2433 1493 2468 Mai,
1515 2433 1605 2468 Jun.

228 2492 371 2527 Frutex
391 2493 635 2539 2-3-pedalis‚
668 2495 763 2530 folia
790 2496 939 2540 majora
973 2495 1178 2541 pollicaria
1206 2496 1313 2542 apice
1332 2496 1355 2532 2
1379 2496 1505 2531 lineas
1524 2496 1615 2539 lata,
1633 2496 1748 2531 ssores
1767 2494 1883 2541 parvi

180 2538 221 2573 in
240 2549 375 2584 cymas
395 2551 490 2575 nuce
506 2541 688 2576 avellana
705 2542 872 2585 maiores
892 2542 1010 2578 dense
1032 2542 1249 2588 glomerati.

241 2653 308 2693 37.
343 2651 401 2694 G.
431 2653 789 2696 suberosum
814 2653 972 2708 (Sibtb.
1000 2654 1062 2696 Fl.
1087 2652 1222 2697 Graec.
1253 2654 1304 2707 II,
1340 2667 1379 2708 p.
1409 2656 1477 2708 21,
1516 2655 1599 2697 tab.
1632 2654 1734 2708 128)
1756 2655 1882 2696 fruti-

178 2712 820 2763 cosum,glaberrimum.ramis
839 2713 990 2765 rigidis
1009 2714 1257 2756 divaricatis
1276 2714 1425 2756 stricte
1442 2713 1676 2756 ramulosis
1693 2713 1879 2755 vetustis

179 2769 359 2821 fungose
386 2770 624 2822 corticosis.
646 2772 896 2824 junioribus
924 2772 1250 2825 quadrangulis,
1278 2773 1391 2815 foliis
1418 2772 1644 2827 quaternis
1667 2772 1884 2814 crassius-

176 2827 285 2868 culis
330 2828 477 2880 rigidis
520 2829 802 2872 inferioribus
850 2831 1317 2884 oblongo-spathulatis
1361 2831 1528 2873 obtusis
1573 2830 1880 2884 superioribus

177 2885 414 2928 linearibus
439 2888 577 2928 acutis
598 2899 732 2931 nervo
751 2890 906 2932 subtus
931 2900 1078 2932 crasso
1096 2890 1374 2942 prominenti,
1396 2890 1532 2943 cymis
1552 2889 1609 2931 tri
1628 2890 1694 2931 vel
1723 2889 1877 2931 abortu

177 2944 376 2985 unissoris
404 2946 446 2986 iu
471 2947 611 2987 axillis
638 2947 941 3001 superioribus
965 2948 1159 2990 breviter
1184 2952 1224 2990 et
1247 2949 1380 2990 crassi
1390 2949 1537 2990 uscule
1561 2948 1879 3001 pedunculatis‚
