2090 3291
258 200 331 236 600
998 208 1245 234 composrrAE.
1668 203 1964 253 Phoeopappus.

324 282 388 323 17.
415 279 473 322 P.
505 278 835 325 decurrens
853 279 953 335 (nc.
980 280 1135 323 Prodr.
1161 279 1232 335 VI,
1252 294 1292 336 p.
1317 283 1403 325 560
1420 282 1502 326 sub
1523 283 1787 341 Amberhoci)
1810 287 1971 341 pallide

260 341 410 383 virens
429 339 512 382 sub
535 339 651 381 lente
678 339 1177 393 pruinoso-puberulus,
1204 340 1325 384 caule
1351 353 1405 383 ex
1432 342 1574 386 radice
1597 343 1780 399 oblonga
1804 345 1970 391 incras-

259 401 352 442 sata
392 398 484 440 basi
521 400 745 440 attenuata
784 397 911 440 unico
951 411 1098 441 crasso
1137 398 1594 453 paniculato-ramoso
1640 404 1818 455 sulcato,
1858 405 1971 449 foliis

258 456 523 500 radicalibus
563 457 782 510 petiolatis
815 455 1122 505 subrotundis‚
1146 458 1341 514 *caulinis
1379 460 1465 501 late
1502 460 1699 515 oblongis
1732 463 1972 507 decurren-

259 516 392 567 tibus,
420 515 620 569 capitulis
648 516 817 570 magnis
845 517 985 559 ovatis
1012 517 1144 559 nudis
1172 518 1430 572 pedunculis
1454 518 1593 572 longis
1616 521 1779 565 strictis
1806 526 1970 567 remote

260 574 684 629 lineari-squamosis
704 575 917 624 suffultis,
944 576 1159 619 involucri
1178 577 1338 631 phyllis
1357 577 1529 621 flavidis
1547 581 1813 623 tomentellis
1831 581 1973 625 ovatis

259 636 303 676 et
328 633 525 686 oblongis
550 633 846 688 integerrimis
872 635 1113 690 appendice
1136 636 1403 690 spinaeformi
1428 638 1556 691 plana
1583 643 1765 692 anguste
1793 639 1969 683 lineari·

258 692 462 737 subulala
477 692 644 746 integra
660 691 927 749 refractajvel
948 693 1094 749 patula
1108 694 1171 737 eis
1188 695 1258 736 vix
1278 694 1479 739 breviore
1498 697 1756 750 terminatis,
1777 698 1975 742 flosculis

260 751 392 794 luteis
426 758 461 799 26
497 751 566 794 vel
592 751 661 808 (D.

307 824 407 861 Hab.
428 826 468 861 in
486 826 622 862 Persia
643 836 765 874 prope
784 827 966 863 Amadan
984 827 1125 873 (Auch.
1146 828 1240 865 3196
1251 830 1289 874 l).
1309 828 1397 865 Vid.
1417 830 1458 865 in
1477 829 1584 865 herb.
1604 838 1676 865 nc.

307 897 462 951 Species
489 898 657 944 insignis
682 898 752 935 sed
767 909 819 935 ex
838 899 1052 953 specimine
1078 900 1193 936 unico
1217 903 1254 936 et
1279 901 1409 937 incom
1441 901 1520 938 leto
1546 902 1750 949 descripta.
1770 902 1906 939 Caulis
1922 914 1972 940 ex

259 945 389 981 radice
414 945 662 983 tuberiformi
686 946 891 993 tripedalis
907 947 1192 994 3-4-eephalus‚
1218 948 1366 984 collum
1387 912 1590 993 fissrosum,
1613 949 1706 985 folia
1726 950 1801 986 sub
1818 950 1973 987 anthesi

257 1003 370 1038 paene
389 992 597 1037 destructa,
616 993 831 1041 pedunculi
848 994 927 1030 4·6-
958 994 1151 1039 ollicares,
1168 995 1341 1042 capitula
1359 996 1521 1043 magnit.
1537 996 1790 1034 Car-duncelli
1803 998 1974 1045 coerulei,

258 1040 453 1076 involucri
472 1040 611 1087 phylla
632 1041 915 1078 intermedia5-
959 1042 1026 1078 lin.
1045 1042 1164 1088 longa
1181 1044 1205 1079 5
1222 1043 1314 1088 lata,
1334 1043 1533 1090 appendix
1549 1044 1612 1080 5-7
1629 1044 1698 1080 lin.
1715 1045 1837 1091 longa
1854 1045 1975 1092 phyl-

256 1087 387 1124 lorum
405 1087 638 1124 inferiorum
655 1089 815 1124 brevior
829 1089 1060 1125 intimorum
1076 1090 1311 1126 brevissima
1328 1095 1445 1127 recta.
1457 1091 1633 1127 Achenia
1648 1094 1807 1127 matura
1822 1092 1970 1138 ignota.

257 1134 382 1218 Pappi
403 1137 496 1171 setae
519 1136 725 1219 itnfteriores
746 1136 898 1172 caeteris
914 1137 1133 1173 conformes
1151 1140 1189 1173 et
1206 1138 1497 1185 sublongiores,
1508 1138 1565 1174 eis
1584 1138 1823 1175 sublatiores
1842 1150 1912 1186 nec
1930 1141 1976 1176 ut

258 1192 307 1218 ex
321 1193 340 1219 c
361 1209 369 1217 .
388 1192 461 1218 nc.
483 1194 523 1219 se
544 1193 554 1218 ι
573 1193 715 1220 onnes.

325 1316 392 1357 18.
419 1314 476 1357 Ρ.
496 1313 1106 1371 gymnocladus'(Jaub.
1135 1321 1177 1361 et
1201 1317 1276 1372 Sp.
1307 1318 1372 1361 Ill.
1401 1317 1473 1361 Or.
1499 1317 1574 1361 111.
1594 1331 1633 1373 p.
1663 1320 1725 1370 15,
1747 1318 1832 1361 tab.
1862 1318 1975 1375 211)

259 1374 421 1431 pallide
446 1375 599 1417 virens
627 1375 1115 1430 scabrido-puberulus,
1143 1377 1265 1420 caule
1294 1390 1442 1421 crasso
1474 1377 1587 1420 elato
1616 1390 1750 1432 supra
1779 1377 1972 1422 medium

259 1434 436 1489 aphyllo
457 1446 680 1478 racemose
705 1435 1011 1490 oligocephalo,
1039 1436 1151 1479 foliis
1179 1436 1438 1489 reticulatis,
1471 1436 1756 1480 radicalibus.
1776 1468 1785 1477 .
1806 1468 1838 1486 .,
1872 1450 1974 1481 cau-

260 1494 362 1536 linis
382 1493 545 1535 infimis
564 1494 782 1548 petiolatis
806 1495 961 1550 amplis
980 1495 1385 1539 ovato-orbiculatis
1406 1495 1681 1539 subcordatis
1700 1497 1859 1551 petiolo
1876 1496 1971 1540 basi

259 1553 518 1606 auriculam,
555 1552 831 1596 intermediis
866 1554 1208 1598 decurrentibus
1245 1555 1400 1610 lyratis
1442 1555 1681 1608 segmentis
1715 1555 1975 1599 lateralibus

259 1611 408 1667 parvis
423 1611 790 1660 deltoideis,soliis
808 1613 992 1656 summis
1009 1614 1061 1656 ad
1078 1614 1425 1668 pedunculorum
1442 1614 1567 1657 basin
1585 1613 1974 1669 squamiformibus

258 1670 480 1724 oblongiS,
508 1672 711 1726 capitulis
737 1672 993 1726 majusculis
1017 1674 1157 1717 ovatis
1184 1674 1467 1716 inferioribus
1494 1673 1801 1728 pedunculatis
1826 1673 1974 1717 termi-

258 1731 432 1773 nalibus
467 1731 542 1772 &3
580 1730 899 1775 subsessilibus
938 1734 1206 1786 aggregatis.
1250 1733 1464 1776 involucri
1505 1732 1666 1787 phyllis
1706 1732 1977 1777 tomentellis

260 1789 555 1842 cartilagineis
592 1790 809 1833 striatulis
845 1791 1029 1846 integris
1066 1792 1328 1835 brevissime
1366 1791 1680 1835 mucronulatis
1714 1792 1768 1834 ab
1809 1791 1973 1835 infimis

260 1849 455 1893 breviter
472 1850 611 1892 ovatis
628 1849 683 1892 ad
704 1850 858 1893 intima
875 1851 1323 1904 oblongo-lanceolata
1341 1851 1566 1906 elongatis,
1582 1851 1778 1894 flosculis
1792 1851 1920 1894 luteis
1937 1851 1976 1904 Ῡ,

259 1921 403 1963 pappo
429 1909 607 1952 achenio
635 1909 768 1964 duplo
794 1909 989 1964 longiore
1023 1917 1082 1958 216.

306 1984 406 2020 Hab.
427 1984 467 2020 in
482 1984 770 2032 Mesopotamia
790 1984 933 2030 (Auch.
955 1985 1049 2022 3197
1067 1985 1109 2021 in
1129 1985 1237 2021 herb.
1256 1984 1360 2022 Mus.
1381 1985 1503 2031 Par.).

305 2056 529 2103 Tripedalis
548 2059 585 2093 et
603 2056 752 2098 elatior,
772 2056 867 2093 folia
885 2057 1044 2093 caulina
1062 2057 1247 2094 inferiora
1263 2057 1414 2094 lamina
1430 2057 1570 2105 pedem
1593 2061 1630 2094 et
1649 2057 1823 2104 amplius
1842 2057 1976 2139 longa,

258 2103 431 2151 capitula
449 2104 505 2140 eis
530 2103 575 2139 P.
601 2104 814 2158 leuzeoz'dz's
832 2105 997 2141 minora.
1017 2104 1142 2159 Pappi
1167 2107 1262 2140 setae
1283 2105 1434 2159 intimae
1453 2105 1652 2151 longiores
1672 2108 1710 2141 et
1727 2105 1814 2160 basi
1832 2104 1911 2159 sub
1930 2114 1972 2140 a·

258 2152 377 2188 tiores
398 2154 441 2187 ut
459 2151 500 2186 in
519 2150 564 2187 P.
584 2152 810 2189 decim-rema
828 2152 936 2188 affini
955 2151 1023 2188 sed
1044 2152 1153 2188 folus
1172 2156 1210 2188 et
1227 2153 1354 2200 spinis
1372 2152 1569 2199 elongatis
1588 2151 1785 2189 involucri
1802 2151 1975 2189 diverso.

838 2300 862 2356 ἓ
894 2301 934 2343 4.
968 2300 1402 2356 Microcephali.

324 2444 389 2486 19.
424 2442 482 2486 P.
520 2443 857 2488 trinervius
884 2442 1054 2499 (Steph.
1080 2442 1127 2485 in
1154 2442 1302 2485 Willd.
1328 2441 1401 2497 Sp.
1433 2441 1506 2496 ΙΙΙ,
1539 2455 1580 2497 p.
1615 2443 1725 2484 2301
1759 2442 1842 2485 sub
1869 2440 1974 2485 Cen-

260 2501 438 2558 taurea)
478 2502 689 2557 adpresse
729 2513 980 2555 canescens,
1021 2502 1284 2545 multicaulis
1319 2501 1517 2545 caulibus
1556 2501 1749 2544 tenuiter
1792 2500 1974 2555 virgatis

260 2561 414 2604 crebre
435 2562 597 2606 foliosis
616 2561 889 2616 simplicibus
908 2562 979 2605 vel
997 2561 1148 2604 stricte
1168 2562 1369 2614 ramosis,
1387 2561 1503 2604 foliis
1520 2564 1705 2615 anguste
1727 2559 1970 2604 linearibus

258 2621 497 2676 gramineis
523 2621 662 2665 acutis
689 2621 1004 2665 subtrinerviis
1028 2619 1342 2674 integerrimis,
1366 2620 1571 2674 capitulis
1596 2620 1721 2673 longe
1745 2619 1970 2673 peduncu-

258 2680 358 2723 latis
397 2681 595 2735 oblongis
627 2680 938 2731 mediocribus,
966 2679 1183 2723 involucri
1216 2680 1376 2734 phyllis
1413 2678 1765 2733 adpressissimis
1797 2677 1973 2734 pallidis

259 2739 457 2794 margine
484 2740 816 2783 membranaceo
841 2742 1026 2794 angusto
1052 2738 1315 2782 brevissime
1349 2739 1490 2782 ciliato
1523 2737 1682 2781 inermi
1713 2738 1757 2780 in
1791 2737 1971 2782 inferio-

261 2798 385 2841 ribus
425 2799 677 2842 decurrenti
715 2798 886 2851 obsitis,
928 2798 1124 2841 flosculis
1156 2798 1298 2841 roseis
1335 2797 1626 2850 radiantibus,
1661 2797 1794 2852 pappi
1830 2796 1970 2851 paleis

259 2858 439 2901 achenio
471 2859 693 2914 quaduplo
728 2858 1009 2901 brevioribus
1049 2863 1108 2906 36.
1143 2856 1202 2900 Ic.
1241 2856 1375 2900 Rchb.
1414 2856 1498 2900 tab.
1536 2857 1605 2899 36.
1641 2879 1696 2887 —
1730 2855 1973 2899 Centaurea

261 2915 482 2959 trinervia
507 2917 655 2972 Steph.

312 2990 412 3025 Hab.
431 2992 470 3025 in
490 2991 778 3038 campestribus
803 2990 960 3028 Tauriae
980 2989 1112 3036 (MR,
1131 2988 1272 3036 Stevl)‚
1290 2989 1458 3027 Caucasi
1477 2987 1796 3037 septentrionalis
1813 2986 1973 3033 (M.Bi).
