2095 3276
287 220 359 258 304
1019 229 1268 255 composrrAE.
1765 219 1990 256 Anekemt's.

287 303 527 357 cuspidatis
554 302 720 345 discum
747 301 1038 355 aequantibus,
1061 301 1208 355 ligulis
1236 302 1311 344 6-8
1337 300 1681 354 ovato-oblongis]
1708 300 1848 343 roseis
1877 300 1995 344 disco

288 361 582 414 brevioribus,
608 361 799 403 omnium
825 361 985 403 florum
1008 360 1112 403 tubo
1139 359 1264 403 valde
1293 359 1469 403 dilatato
1492 360 1617 411 alato,
1645 359 1836 403 acheniis
1853 360 1996 403 tenui-

287 423 354 463 ter
380 420 547 463 stri-atis
575 419 923 472 subcompressis
949 419 1043 461 basi
1070 419 1392 462 subaltenuatis
1414 419 1623 461 coronula
1647 418 1770 460 brevi
1799 417 1995 461 denticu-

288 480 371 522 lata
397 479 637 532 subaequali
659 478 906 521 terminatis
935 482 998 529 Θ,

332 553 434 588 Hah.
455 553 492 587 in
511 552 682 587 collibus
701 552 813 587 siccis
833 551 952 598 Cypri
973 551 1136 596 (Sihth.)
1170 551 1257 588 Huc
1275 561 1379 586 nunc
1397 551 1522 587 refero
1541 551 1759 598 specimina
1775 551 1816 586 in
1834 550 1992 598 pascuis

286 599 433 647 alpinis
452 600 597 634 montis
614 598 772 634 Elmalu
789 599 920 644 Lyciae
938 599 1037 634 lecta
1054 598 1215 645 (Bourg.
1236 608 1305 634 exs
1338 599 1407 634 164
1425 598 1501 634 sub
1520 599 1569 633 A.
1587 595 1764 643 οανηεᾶ).

336 663 475 699 Affinis
494 663 541 699 A.
561 672 719 699 carneae
750 662 816 697 sed
848 662 1059 709 pedunculi
1092 663 1290 707 longiores
1322 661 1650 708 (2-3-pollicares)
1683 661 1879 697 tenuiores
1911 671 1992 696 non

288 711 507 754 incrassati,
532 709 705 757 capitula
731 710 884 745 minora
911 710 1064 755 absque
1084 709 1218 755 ligulis
1246 709 1333 756 piso
1355 710 1422 744 vix
1441 710 1602 755 majora.
1633 708 1767 763 ligulae
1786 708 1993 755 pauciores

288 759 541 811 abbreyiatae.
572 757 748 793 Achenia
766 756 912 792 similia
932 767 1016 793 esse
1034 757 1228 792 videntur.
1261 759 1322 792 An
1349 757 1560 792 varietates
1580 757 1722 803 speclei
1741 756 1865 791 unicae
1883 756 1995 802 cujus

287 806 372 841 haec
388 805 513 841 forma
531 815 660 840 macra
679 806 818 840 esset?

348 938 416 979 54.
444 936 503 980 A.
520 934 955 985 furnariaeiolia,
977 936 1186 989 adpresse
1205 935 1481 978 cinerescens
1498 947 1520 976 a
1539 934 1646 977 collo
1662 946 1835 976 ramosa
1850 937 1993 978 erecta

286 997 463 1049 pumila,
490 995 601 1038 foliis
629 994 791 1036 ambitu
820 997 1003 1047 anguste
1029 995 1225 1047 oblongis
1263 994 1408 1048 parvis
1435 993 1731 1048 pinnatiscctis
1757 994 1993 1046 segmentis

286 1057 493 1109 utrinque
529 1055 604 1095 ⁶24³)
630 1053 954 1096 remotiusculis
977 1049 1187 1095 brevibus
1216 1054 1261 1095 in
1286 1052 1460 1095 lacinias
1487 1053 1689 1094 minimas
1715 1052 1992 1105 divergcntes

286 1113 359 1155 3-5
384 1112 770 1165 lineari-oblongas
796 1113 1120 1155 mucronulatas
1144 1112 1330 1166 partitis,
1357 1111 1613 1165 pedunculis
1641 1111 1876 1164 gracilibus
1902 1111 1992 1154 lon-

284 1173 350 1225 gis
374 1186 457 1215 non
478 1171 742 1223 incrassatis,
763 1171 965 1224 capitulis
992 1171 1297 1222 mediocribus,
1316 1170 1532 1213 involucri
1553 1170 1655 1213 hirti
1676 1170 1837 1225 phyllis
1854 1171 1991 1212 omni-

284 1231 368 1274 bus
393 1230 641 1274 lanceolatis
678 1231 843 1272 intimis
871 1231 990 1284 apice
1030 1230 1153 1284 longe
1189 1230 1446 1273 acuminatis
1480 1229 1697 1280 saniosis,
1731 1229 1991 1283 receptaculi

284 1291 420 1334 conici
454 1291 589 1344 paleis
625 1289 830 1331 carinatis
856 1289 1313 1343 oblongo-lanceolatis
1352 1289 1471 1342 apice
1501 1289 1541 1330 in
1570 1289 1794 1342 cuspidem
1824 1288 1991 1331 discum

284 1362 369 1392 non
399 1353 644 1403 aequantem
667 1348 862 1391 breviter
890 1349 1138 1394 attenuatis,
1164 1349 1306 1401 ligulis
1330 1347 1546 1390 fertilibus
1568 1348 1768 1403 ellipticis
1799 1358 1853 1389 ex
1879 1347 1991 1390 sicco

283 1409 453 1451 carneis
480 1408 599 1450 disco
625 1407 894 1461 aeqnilongis,
924 1407 1028 1450 tubo
1052 1408 1334 1451 flosculorum
1366 1419 1629 1460 compresso,
1665 1406 1858 1449 acheniis
1883 1405 1990 1449 albis

284 1466 868 1521 obpyramidato-turbinatis
887 1466 1178 1510 exterioribus
1199 1466 1322 1508 valde
1339 1466 1516 1509 sulcatis
1532 1465 1816 1509 tuberculatis
1832 1465 1990 1509 corona

283 1528 431 1580 patula
465 1526 724 1568 brevissima
748 1526 1064 1579 multidentata,
1088 1526 1372 1569 interioribus
1403 1524 1849 1568 lievibussubstriatis
1879 1536 1991 1567 mar-

281 1586 380 1638 gine
403 1589 585 1638 angusto
611 1583 863 1638 subintegro
885 1586 1104 1638 superatis
1136 1589 1200 1636 Θ.

329 1659 435 1694 Hab.
452 1659 492 1694 in
511 1658 669 1704 regione
684 1658 897 1705 subalpina
912 1659 1056 1694 montis
1072 1659 1204 1704 Argaei
1219 1658 1482 1705 Cappadocia:
1496 1658 1601 1694 5500‘
1618 1657 1710 1703 (Ky.
1724 1656 1859 1704 Suppl.
1871 1656 1990 1699 2221),

279 1717 399 1754 prope
420 1708 641 1741 Caesaream
662 1705 801 1750 (Ball).

324 1771 464 1807 Affinis
485 1771 535 1806 A.
557 1780 714 1806 carneoe
739 1770 867 1806 differt
886 1771 1036 1817 phyllis
1063 1770 1302 1806 acutissimis
1322 1770 1571 1810 acuminatis,
1591 1769 1766 1805 acheniis
1786 1769 1989 1814 margina-

279 1818 386 1854 libus
420 1818 678 1854 muriculatis.
715 1820 775 1853 An
812 1818 1144 1864 Asiamarz‘oz'des
1179 1819 1340 1853 Hochst.
1379 1818 1493 1853 Flora
1512 1817 1699 1853 185÷f5huc
1732 1818 1909 1864 spectat?
1941 1826 1989 1852 ex

278 1867 437 1902 nomine
455 1866 607 1909 saltem,
638 1875 707 1900 nec
737 1876 785 1900 ex
804 1866 987 1911 diagnosi
1013 1866 1182 1913 pessima
1208 1866 1258 1900 ad
1286 1875 1424 1900 ornnes
1450 1865 1529 1900 fere
1560 1865 1714 1910 generis
1733 1864 1882 1911 species
1900 1863 1987 1910 pari

277 1914 395 1949 modo
414 1914 697 1949 conveniente?

681 2050 713 2080 ><
775 2049 808 2081 ><
865 2043 1225 2079 Cano-tomentosze
1246 2043 1308 2078 vel
1328 2042 1589 2087 lanugines-(e.

339 2159 407 2199 55.
443 2157 504 2200 A.
543 2154 876 2199 Ruthenica
907 2156 1034 2211 (ΜΒ.
1060 2157 1191 2198 Taur.
1211 2155 1336 2198 Cane.
1363 2155 1415 2207 ΙΙ,
1437 2167 1475 2208 p.
1497 2156 1603 2207 330)
1631 2153 1986 2208 adpressiuscule

277 2217 532 2270 lanuginosa
555 2226 669 2269 saepe
692 2215 964 2270 plurIcaulis,
988 2215 1186 2258 caulibus
1214 2214 1422 2266 brevibus
1447 2214 1629 2256 ramosis
1659 2212 1790 2255 ramis
1817 2217 1985 2254 erecto-

277 2277 454 2331 patulis,
477 2275 591 2317 foliis
615 2274 779 2316 ambitu
799 2275 995 2327 oblongis
1020 2274 1061 2315 in
1087 2278 1310 2323 segmenta
1332 2274 1485 2316 lineari
1507 2274 1570 2314 vel
1596 2273 1986 2325 oblongo-cuneata

276 2337 318 2376 in
349 2335 525 2377 lacinias
563 2333 857 2385 triangulares
898 2337 1045 2375 acutas
1075 2333 1326 2387 pinnatifida
1366 2334 1435 2375 vel
1476 2332 1636 2386 partita
1670 2331 1984 2385 pinnatisectisq

276 2393 535 2448 pedunculis
564 2392 776 2445 elongatis
804 2405 887 2434 non
917 2393 1185 2444 incrassatis,
1211 2392 1423 2434 involucri
1450 2391 1611 2433 hirsuti
1649 2389 1791 2443 pallidi
1828 2388 1985 2444 phyllis

275 2453 470 2496 externis
510 2451 648 2494 acutis
676 2452 862 2494 internis
900 2452 1096 2505 oblongis
1137 2451 1305 2494 obtusis
1342 2451 1427 2494 late
1464 2449 1683 2498 scariosis,
1721 2447 1983 2503 receptaculi

274 2511 409 2554 conici
437 2511 569 2564 paleis
598 2510 846 2552 lanceolalis
870 2511 1076 2553 carinatis
1103 2511 1239 2553 aculis
1266 2513 1426 2564 praeter
1454 2521 1638 2552 nervum
1663 2508 1866 2551 scariosis
1894 2506 1982 2548 dis-

273 2583 369 2613 cum
397 2569 687 2623 {equantibusa
709 2569 852 2622 ligulis
875 2569 1074 2612 femineis
1090 2569 1199 2612 albis
1223 2569 1440 2623 cllipticis,
1458 2569 1562 2612 tubo
1587 2567 1868 2610 flosculorum
1893 2565 1983 2608 basi

273 2628 739 2682 incrassato-oblongo,
767 2628 957 2671 acheniis
993 2628 1174 2671 lzevihns
1201 2628 1417 2671 oliconicis
1444 2627 1737 2670 exterioribus
1768 2623 1983 2679 profunde

273 2687 678 2741 sulcato-angulatis
698 2687 884 2729 internis
903 2688 1068 2730 striatis
1084 2688 1288 2729 omnihus
1311 2687 1521 2730 truncatis
1537 2686 1654 2738 apice
1673 2683 1984 2737 angustissime

273 2751 398 2789 acute
434 2751 475 2789 ei
514 2758 629 2800 saepe
669 2747 863 2788 obsolete
900 2747 1152 2800 marginatis
1181 2752 1245 2796 Θ.
1292 2746 1343 2788 Α.
1368 2745 1549 2789 Pontica
1585 2745 1686 2787 Urv.
1712 2744 1867 2786 Enurn.
1895 2754 1982 2784 non,

274 2806 422 2848 Willd.
453 2817 530 2849 nec
555 2805 691 2848 Sibth.
721 2830 775 2834 ——
798 2804 849 2847 A.
872 2804 1129 2847 Neitreielcie·
1151 2805 1287 2848 Ortm.

321 2878 420 2914 Hah.
440 2879 477 2913 in
495 2879 607 2914 siccis
626 2879 783 2914 Tauriae
803 2878 934 2923 (Mlti,
953 2880 1046 2914 Stev
1060 2881 1096 2924 l),
1116 2879 1282 2915 Caucasi
1303 2876 1810 2926 septentrionalisfflaussk
1823 2877 1860 2921 t).

320 2942 460 2978 Planta
479 2943 732 2989 semipedalis
755 2943 815 2978 vel
835 2943 903 2978 vix
923 2944 1128 2989 procerior,
1144 2944 1316 2990 capitula
1335 2945 1391 2979 eis
1408 2944 1454 2980 A.
1474 2943 1650 2981 aroensis
1668 2951 1748 2977 non
1768 2940 1931 2976 minora.

319 3007 381 3041 Ar.
401 3006 535 3051 Geoqr.
566 3007 734 3051 Austria,
756 3006 863 3051 regio
882 3006 1132 3045 Danubialis.
1152 3007 1293 3042 Rossia
1312 3005 1729 3043 austro-occidentalis.
