2090 3291
229 234 301 269 536
953 237 1202 263 composrrAE.
1743 225 1912 262 Cz‘rsinm
1919 254 1935 261 ,

293 317 359 356 30.
395 314 451 357 C.
483 311 901 366 Chynysicum‚
929 309 1051 351 caule
1084 309 1195 351 elato
1232 319 1425 362 superne
1464 308 1589 361 longe
1623 312 1665 351 et
1699 308 1942 360 composite

233 384 452 416 racemoso
482 370 776 425 polycephalo,
806 369 917 410 foliis
939 381 1072 423 supra
1099 368 1301 421 strigosis
1326 367 1483 409 subtus
1511 367 1864 410 araneoso-canis
1892 367 1937 408 in

230 432 406 474 lacinias
439 429 746 483 angustissime
779 427 1038 470 lanceolatas
1065 427 1184 480 apice
1213 426 1408 469 breviter
1436 428 1479 468 et
1509 426 1701 468 tenuiter
1735 426 1944 479 spinosas.

231 489 592 546 pinnatipartitis,
624 487 806 530 caulinis
845 485 1050 528 tenuibus
1090 485 1297 528 brevibus
1334 484 1514 527 minutis
1557 485 1736 527 ramulis
1777 485 1935 526 racemi

234 548 579 604 pedunculisque
610 547 747 589 multo
783 544 1083 588 brevioribus.
1125 544 1326 598 capitulis
1363 543 1511 598 parvis
1539 543 1734 586 breviter
1773 543 1938 596 pedun-

234 608 387 651 culatis
412 610 594 658 angust-e
612 605 807 658 oblongis
831 604 1036 646 confertis
1059 603 1335 654 ebracteatis‚
1357 602 1571 645 involucri
1592 615 1717 656 parce
1739 602 1942 644 araneosi.

236 667 394 721 phyllis
430 665 609 707 minutis
637 663 989 718 adpressissimis
1012 663 1216 705 carinatis
1241 662 1500 704 brevissime
1530 662 1719 715 spinosis
1753 660 1805 703 ab
1841 661 1938 702 infi-

235 726 315 768 mis
354 728 535 778 anguste
567 723 909 775 triangularibus
949 721 1000 763 ad
1038 722 1189 763 intima
1232 720 1465 763 lanceolata
1506 720 1676 773 longius
1709 724 1748 762 et
1786 724 1939 762 tenere

234 784 459 837 cuspidata
488 782 697 833 elongatis
722 783 790 837 (2).
817 781 857 823 C.
883 779 1231 833 leucocepltalum
1254 781 1298 823 C.
1323 780 1441 822 Kocli
1469 779 1592 821 Linn.
1609 779 1766 830 XXIV,
1788 791 1825 832 p.
1852 780 1938 820 401.

235 856 319 885 non
348 842 495 884 Willd.

284 916 385 951 Hah.
406 917 446 951 in
467 915 656 950 Armenia
675 914 838 949 Turcica
856 913 1079 949 australiori
1097 913 1145 948 ad
1166 912 1329 958 Chynys
1349 911 1407 956 (C.
1427 911 1535 947 Koch
1548 913 1585 956 t).

282 978 574 1015 Inssorescentia
601 978 719 1023 longe
741 988 944 1013 racemosa
968 981 1006 1012 et
1032 975 1205 1022 capitula
1231 976 1557 1011 numerosissima
1576 986 1699 1022 parva
1724 975 1812 1010 basi
1842 977 1945 1009 atte-

233 1031 354 1062 nuata
374 1026 410 1061 C.
429 1025 766 1061 Haussknechtz'z‘a
781 1035 858 1071 quo
879 1025 1008 1060 differt
1027 1024 1132 1059 foliis
1154 1023 1357 1058 floralibus
1378 1024 1552 1058 minimis
1569 1033 1637 1058 nec
1656 1022 1784 1067 longis
1808 1021 1942 1057 valide

231 1074 417 1120 spinosis,
451 1073 634 1119 capitulis
663 1072 958 1117 angustioribus
994 1071 1170 1107 obsolete
1203 1071 1414 1114 araneosis,
1444 1069 1593 1117 phyllis
1627 1069 1936 1115 angustioribus.

234 1122 383 1157 Plantae
403 1131 492 1167 pars
511 1120 670 1155 interior
692 1130 771 1154 non
796 1123 888 1155 nota
908 1119 975 1155 sed
996 1130 1042 1154 ex
1061 1118 1239 1165 reliquiis
1262 1117 1444 1152 foliorum
1470 1117 1622 1152 laciniae
1647 1116 1771 1152 multo
1794 1126 1938 1162 angus-

233 1169 350 1203 tioras
367 1168 560 1203 videntur.
582 1166 612 1203 C
640 1166 958 1214 leucoeeplzalum
978 1170 1036 1201 est
1055 1168 1203 1212 species
1224 1165 1375 1200 Cretica
1393 1164 1679 1200 diversissima.

297 1292 364 1332 31.
394 1291 448 1334 C.
483 1287 944 1332 arachnoideum
977 1288 1104 1344 (ΜΒ.
1134 1289 1263 1331 Taur.
1287 1288 1411 1331 Cauc.
1435 1288 1487 1341 ΙΙ,
1508 1301 1546 1342 p.
1573 1289 1655 1329 277
1684 1287 1765 1330 sub
1790 1287 1939 1343 Caico)

236 1351 357 1392 caule
385 1353 527 1396 erecto
550 1349 753 1401 oligo-vel
779 1348 1099 1402 rnonoceplialo,
1125 1348 1237 1390 foliis
1262 1361 1393 1402 supra
1425 1347 1625 1401 strigosis
1652 1348 1809 1390 subtus
1837 1348 1941 1389 viri-

236 1409 362 1451 dibus
391 1407 763 1462 glabresceutibus
787 1408 832 1449 in
860 1408 1035 1450 lacinias
1052 1406 1595 1460 triangulari-lanceolatas
1625 1406 1818 1449 breviter
1852 1407 1951 1460 spi—

239 1480 364 1511 nosas
403 1467 697 1520 pinnatifidis,
738 1466 920 1509 caulinis
962 1466 1375 1520 amplexicaulibus.
1422 1465 1622 1519 capitulis
1666 1465 1803 1507 ovatis
1851 1465 1940 1508 basi

234 1527 449 1569 subaudis
477 1537 606 1581 parce
642 1525 955 1576 araclinoideis⁷
989 1525 1200 1568 involucri
1243 1526 1400 1578 phyllis
1448 1524 1642 1567 tenuiter
1690 1523 1936 1567 lanceolatis

234 1586 428 1627 externis
458 1589 499 1628 et
527 1584 799 1626 intermediis
824 1596 1014 1638 superne
1054 1584 1202 1627 rubris
1236 1584 1749 1627 subuncinato-recurvis
1776 1584 1816 1624 in
1852 1583 1939 1638 spi-

234 1657 332 1686 nam
353 1644 527 1686 brevem
553 1644 740 1685 albidam
758 1643 922 1685 intimis
946 1644 987 1685 in
1017 1643 1242 1697 cuspidem
1262 1644 1429 1696 longam
1455 1643 1702 1685 subulatam
1730 1644 1938 1685 inermem

233 1704 458 1745 incurvam
481 1702 837 1757 abeuntibus..
863 1702 901 1744 C.
929 1702 1124 1754 re'yidum
1146 1702 1396 1744 1).c.Prod1.
1419 1702 1489 1754 VI,
1509 1715 1548 1756 p.
1578 1703 1676 1743 640.
1698 1727 1735 1732 -
1772 1701 1811 1744 C.
1836 1700 1942 1742 stri-

230 1773 387 1815 yosum
415 1762 530 1804 Stev.
559 1762 601 1803 in
631 1761 736 1802 ΜΒ.
766 1761 918 1816 Suppl.

282 1835 381 1870 Hahv
405 1836 443 1870 in
466 1837 586 1881 pratis
610 1836 801 1870 montosis
820 1835 995 1873 Caucasi.
1013 1835 1053 1869 in
1073 1838 1204 1870 monte
1226 1834 1419 1870 Reschtau
1435 1837 1473 1870 et
1491 1835 1540 1870 ad
1560 1834 1941 1880 Constantinogorsk

233 1882 369 1965 ἱὲέξῶ
387 1883 534 1973 &5371ss
560 1893 681 1929 prope
709 1882 915 1928 Patigorsk
942 1882 1149 1927 (Hoheul),
1180 1882 1228 1917 ad
1261 1882 1428 1917 fluvium
1456 1883 1616 1928 Aragwi
1645 1893 1766 1929 prope
1790 1882 1941 1918 Mschet

280 1994 400 2029 Foliis
420 1994 711 2040 quodammodo
732 1993 768 2028 Cv
790 2003 954 2029 arvense
974 1994 1090 2028 refert
1111 1993 1181 2028 sed
1206 1993 1378 2039 capitula
1404 1993 1527 2039 duplo
1555 1994 1704 2040 majora
1725 1996 1763 2028 et
1783 1993 1948 2028 charac-

233 2045 333 2077 teres
358 2042 639 2085 diversissimi3
663 2040 891 2087 phyllorum
911 2042 1037 2087 spinis
1055 2041 1242 2076 tenuibus
1265 2041 1453 2076 brevibus
1478 2041 1753 2076 subuncinatis
1773 2041 1943 2086 insigne.

295 2165 362 2205 32.
399 2163 452 2206 C.
492 2163 827 2217 strigosum
865 2163 987 2216 (ΜΒ.
1018 2163 1147 2205 Taur.
1181 2162 1306 2206 Cauc.
1338 2163 1389 2216 11,
1423 2178 1463 2218 p.
1503 2165 1582 2205 377
1618 2164 1700 2206 sub
1733 2162 1859 2205 Cnico
1887 2174 1941 2204 ex

234 2223 342 2276 Mey.
384 2222 534 2264 Enum.
577 2234 616 2275 p.
649 2222 726 2277 69)
764 2223 885 2264 caule
913 2226 1056 2264 erecto
1086 2222 1205 2275 apice
1234 2223 1458 2264 confertim
1488 2221 1797 2277 oligocephalo,
1826 2222 1940 2264 foliis

232 2295 368 2335 supra
395 2281 595 2335 strigosis
621 2281 778 2323 subtus
807 2282 1084 2334 glaberrimis
1113 2281 1157 2322 in
1194 2282 1370 2324 lacinias
1402 2280 1939 2335 triangulari-lanceolatas

232 2341 426 2383 breviter
449 2340 651 2394 spinosas
679 2340 1003 2393 pinnatilobatis
1029 2340 1098 2383 vel
1120 2340 1308 2393 partitis,
1327 2340 1511 2383 caulinis
1533 2339 1939 2393 amplexicaulibus,

234 2399 433 2454 capitulis
479 2400 618 2442 ovatis
667 2399 760 2441 basi
800 2399 1017 2441 subaudis
1056 2399 1390 2452 subsessilibus‚
1428 2399 1644 2442 involucri
1685 2398 1939 2452 glaberrimi

234 2458 394 2513 phyllis
417 2459 611 2502 externis
639 2462 680 2501 et
704 2458 977 2500 intermediis
992 2458 1184 2511 margine
1209 2458 1291 2500 sub
1308 2459 1421 2500 lente
1445 2457 1649 2500 ciliatulis
1675 2457 1872 2509 oblongis
1894 2458 1938 2499 in

233 2517 458 2573 cuspidem
485 2518 706 2572 spinosam
732 2516 975 2560 subulatam
1003 2517 1184 2570 rigidam
1213 2517 1276 2560 eis
1294 2517 1581 2571 aequilongam
1608 2516 1816 2570 patentim
1840 2527 1939 2558 cur-

235 2580 376 2620 vatam
406 2577 738 2631 abruptiusculc
771 2575 1046 2629 abeuntibus,
1074 2576 1349 2618 internorum
1385 2575 1564 2629 cuspide
1600 2575 1782 2628 longiori
1819 2574 1940 2617 subi-

233 2638 375 2678 nermi
400 2637 580 2679 incurva
608 2636 676 2692 Q).

232 2709 439 2799 (anbMin
459 2710 636 2801 gaucaso
654 2708 838 2746 orientali
858 2718 980 2756 prope
998 2708 1231 2744 Schamachi
1247 2708 1401 2754 (MR),
1424 2708 1464 2744 in
1485 2709 1619 2743 monte
1641 2705 1938 2742 Beschbarmak

283 2783 302 2790 ..
330 2783 337 2790 .
400 2768 447 2802 ey
489 2786 494 2791 .

289 2829 334 2883 β.
364 2829 754 2872 Khorassanicum.
785 2854 836 2861 -
863 2830 1060 2884 Capitula
1087 2830 1333 2884 submajora
1359 2828 1699 2883 ovato-globosa.

281 2902 382 2938 Hah.
401 2903 440 2938 in
458 2913 570 2950 prov.
594 2903 820 2939 Khorassan
841 2913 960 2949 prope
980 2902 1192 2939 Meschhed
1206 2905 1243 2939 et
1261 2903 1301 2938 in
1321 2902 1516 2938 montosis
1534 2902 1664 2937 Tabat
1681 2900 1769 2936 Kub
1788 2900 1887 2945 (Bge
1899 2901 1943 2944 1).

280 2965 434 3011 Species
452 2967 669 3013 praesertim
689 2968 773 3012 ejus
793 2967 918 3001 forma
942 2967 1074 3013 typica
1099 2966 1214 3002 valde
1238 2966 1368 3001 affinis
1392 2964 1430 3002 C.
1451 2963 1719 3002 arachnoideo
1765 2962 1843 2999 uod
1863 2961 1936 2997 dif-

233 3011 305 3046 fert
326 3013 528 3049 involucro
550 3014 821 3058 arachnoide0‚
835 3013 986 3060 phyllis
1008 3014 1154 3049 sensim
1175 3023 1244 3049 nec
1261 3013 1427 3060 abrupte
1452 3012 1624 3059 spinosis
1647 3014 1685 3046 et
1706 3012 1745 3046 in
1765 3010 1944 3046 eriorum
