<?xml version="1.0" encoding="UTF-8"?>
<!DOCTYPE html PUBLIC "-//W3C//DTD XHTML 1.0 Transitional//EN"
    "http://www.w3.org/TR/xhtml1/DTD/xhtml1-transitional.dtd">
<html xmlns="http://www.w3.org/1999/xhtml" xml:lang="en" lang="en">
 <head>
  <title>
</title>
<meta http-equiv="Content-Type" content="text/html;charset=utf-8" />
  <meta name='ocr-system' content='tesseract 3.04.00' />
  <meta name='ocr-capabilities' content='ocr_page ocr_carea ocr_par ocr_line ocrx_word'/>
</head>
<body>
  <div class='ocr_page' id='page_1' title='image "./floraorientaliss03bois_0244.png"; bbox 0 0 2095 3206; ppageno 0'>
   <div class='ocr_carea' id='block_1_1' title="bbox 263 189 1959 237">
    <p class='ocr_par' dir='ltr' id='par_1_1' title="bbox 263 189 1959 237">
     <span class='ocr_line' id='line_1_1' title="bbox 263 189 1959 237; baseline -0.002 -6"><span class='ocrx_word' id='word_1_1' title='bbox 263 200 334 237; x_wconf 82' lang='lat'>160</span> <span class='ocrx_word' id='word_1_2' title='bbox 986 201 1231 229; x_wconf 66' lang='lat' dir='ltr'>composrrae..</span> <span class='ocrx_word' id='word_1_3' title='bbox 1825 189 1959 227; x_wconf 75' lang='lat' dir='ltr'>Aster.</span> 
     </span>
    </p>
   </div>
   <div class='ocr_carea' id='block_1_2' title="bbox 259 272 1969 745">
    <p class='ocr_par' dir='ltr' id='par_1_2' title="bbox 259 272 1969 745">
     <span class='ocr_line' id='line_1_2' title="bbox 262 272 1966 334; baseline -0.006 -9"><span class='ocrx_word' id='word_1_4' title='bbox 262 284 304 325; x_wconf 87' lang='lat' dir='ltr'>et</span> <span class='ocrx_word' id='word_1_5' title='bbox 330 280 548 334; x_wconf 78' lang='lat' dir='ltr'>margines</span> <span class='ocrx_word' id='word_1_6' title='bbox 578 277 783 321; x_wconf 87' lang='lat' dir='ltr'>soliorum</span> <span class='ocrx_word' id='word_1_7' title='bbox 807 275 985 330; x_wconf 87' lang='lat' dir='ltr'>papillis</span> <span class='ocrx_word' id='word_1_8' title='bbox 1021 274 1271 318; x_wconf 87' lang='lat' dir='ltr'>lanceolatis</span> <span class='ocrx_word' id='word_1_9' title='bbox 1298 272 1520 316; x_wconf 88' lang='lat' dir='ltr'>undulatis</span> <span class='ocrx_word' id='word_1_10' title='bbox 1545 272 1649 328; x_wconf 90' lang='lat' dir='ltr'>plus</span> <span class='ocrx_word' id='word_1_11' title='bbox 1672 273 1819 315; x_wconf 90' lang='lat' dir='ltr'>minus</span> <span class='ocrx_word' id='word_1_12' title='bbox 1846 272 1966 315; x_wconf 86' lang='lat' dir='ltr'>obsi-</span> 
     </span>
     <span class='ocr_line' id='line_1_3' title="bbox 260 330 1966 390; baseline -0.005 -8"><span class='ocrx_word' id='word_1_13' title='bbox 260 342 349 390; x_wconf 76' lang='lat' dir='ltr'>tus⁷</span> <span class='ocrx_word' id='word_1_14' title='bbox 386 339 509 382; x_wconf 88' lang='lat' dir='ltr'>caule</span> <span class='ocrx_word' id='word_1_15' title='bbox 549 339 692 381; x_wconf 83' lang='lat' dir='ltr'>erecto</span> <span class='ocrx_word' id='word_1_16' title='bbox 732 335 866 377; x_wconf 86' lang='lat' dir='ltr'>dense</span> <span class='ocrx_word' id='word_1_17' title='bbox 902 334 1054 378; x_wconf 86' lang='lat' dir='ltr'>folioso</span> <span class='ocrx_word' id='word_1_18' title='bbox 1091 331 1415 387; x_wconf 84' lang='lat' dir='ltr'>monocephalo,</span> <span class='ocrx_word' id='word_1_19' title='bbox 1454 332 1568 375; x_wconf 86' lang='lat' dir='ltr'>foliis</span> <span class='ocrx_word' id='word_1_20' title='bbox 1605 331 1836 375; x_wconf 85' lang='lat' dir='ltr'>sessilibus</span> <span class='ocrx_word' id='word_1_21' title='bbox 1872 330 1966 374; x_wconf 81' lang='lat' dir='ltr'>basi</span> 
     </span>
     <span class='ocr_line' id='line_1_4' title="bbox 259 390 1967 444; baseline -0.005 -4"><span class='ocrx_word' id='word_1_22' title='bbox 259 393 878 441; x_wconf 82' lang='lat' dir='ltr'>rotundat0--subauriculatis</span> <span class='ocrx_word' id='word_1_23' title='bbox 904 393 1044 436; x_wconf 81' lang='lat' dir='ltr'>ovatis</span> <span class='ocrx_word' id='word_1_24' title='bbox 1075 396 1118 434; x_wconf 89' lang='lat' dir='ltr'>et</span> <span class='ocrx_word' id='word_1_25' title='bbox 1141 390 1597 444; x_wconf 81' lang='lat' dir='ltr'>oblongo-lanceolatis</span> <span class='ocrx_word' id='word_1_26' title='bbox 1631 390 1769 433; x_wconf 86' lang='lat' dir='ltr'>acutis</span> <span class='ocrx_word' id='word_1_27' title='bbox 1801 391 1967 434; x_wconf 90' lang='lat' dir='ltr'>remote</span> 
     </span>
     <span class='ocr_line' id='line_1_5' title="bbox 263 447 1966 508; baseline -0.005 -9"><span class='ocrx_word' id='word_1_28' title='bbox 263 456 446 499; x_wconf 86' lang='lat' dir='ltr'>serratis</span> <span class='ocrx_word' id='word_1_29' title='bbox 486 455 580 497; x_wconf 84' lang='lat' dir='ltr'>basi</span> <span class='ocrx_word' id='word_1_30' title='bbox 615 452 857 505; x_wconf 87' lang='lat' dir='ltr'>trinerviis‚</span> <span class='ocrx_word' id='word_1_31' title='bbox 892 451 1140 508; x_wconf 88' lang='lat' dir='ltr'>peduncnlo</span> <span class='ocrx_word' id='word_1_32' title='bbox 1179 450 1298 504; x_wconf 83' lang='lat' dir='ltr'>apice</span> <span class='ocrx_word' id='word_1_33' title='bbox 1335 449 1573 492; x_wconf 87' lang='lat' dir='ltr'>incrassato</span> <span class='ocrx_word' id='word_1_34' title='bbox 1602 448 1788 492; x_wconf 78' lang='lat' dir='ltr'>bracteis</span> <span class='ocrx_word' id='word_1_35' title='bbox 1815 447 1966 505; x_wconf 79' lang='lat' dir='ltr'>paucis</span> 
     </span>
     <span class='ocr_line' id='line_1_6' title="bbox 262 507 1969 564; baseline -0.005 -7"><span class='ocrx_word' id='word_1_36' title='bbox 262 512 697 557; x_wconf 83' lang='lat' dir='ltr'>lineari-acuminatis</span> <span class='ocrx_word' id='word_1_37' title='bbox 723 511 877 564; x_wconf 82' lang='lat' dir='ltr'>obsito,</span> <span class='ocrx_word' id='word_1_38' title='bbox 903 509 1118 554; x_wconf 81' lang='lat' dir='ltr'>involucri</span> <span class='ocrx_word' id='word_1_39' title='bbox 1138 509 1298 563; x_wconf 82' lang='lat' dir='ltr'>phyllis</span> <span class='ocrx_word' id='word_1_40' title='bbox 1316 508 1481 551; x_wconf 85' lang='lat' dir='ltr'>minute</span> <span class='ocrx_word' id='word_1_41' title='bbox 1505 507 1775 562; x_wconf 84' lang='lat' dir='ltr'>glandulosis</span> <span class='ocrx_word' id='word_1_42' title='bbox 1797 507 1969 550; x_wconf 79' lang='lat' dir='ltr'>lineari·</span> 
     </span>
     <span class='ocr_line' id='line_1_7' title="bbox 265 566 1967 624; baseline -0.004 -9"><span class='ocrx_word' id='word_1_43' title='bbox 265 572 514 616; x_wconf 86' lang='lat' dir='ltr'>lanceolatis</span> <span class='ocrx_word' id='word_1_44' title='bbox 531 570 788 614; x_wconf 74' lang='lat' dir='ltr'>acuminatis</span> <span class='ocrx_word' id='word_1_45' title='bbox 811 570 932 624; x_wconf 84' lang='lat' dir='ltr'>apice</span> <span class='ocrx_word' id='word_1_46' title='bbox 948 569 1133 612; x_wconf 90' lang='lat' dir='ltr'>rubellis</span> <span class='ocrx_word' id='word_1_47' title='bbox 1153 567 1492 621; x_wconf 81' lang='lat' dir='ltr'>subaequalibus‚</span> <span class='ocrx_word' id='word_1_48' title='bbox 1515 566 1662 619; x_wconf 84' lang='lat' dir='ltr'>ligulis</span> <span class='ocrx_word' id='word_1_49' title='bbox 1686 567 1827 610; x_wconf 87' lang='lat' dir='ltr'>roseis</span> <span class='ocrx_word' id='word_1_50' title='bbox 1849 566 1967 610; x_wconf 88' lang='lat' dir='ltr'>disco</span> 
     </span>
     <span class='ocr_line' id='line_1_8' title="bbox 267 624 1967 686; baseline -0.005 -12"><span class='ocrx_word' id='word_1_51' title='bbox 267 631 485 686; x_wconf 88' lang='lat' dir='ltr'>subduplo</span> <span class='ocrx_word' id='word_1_52' title='bbox 507 630 791 683; x_wconf 74' lang='lat' dir='ltr'>longioribus,</span> <span class='ocrx_word' id='word_1_53' title='bbox 818 627 1007 671; x_wconf 86' lang='lat' dir='ltr'>acheniis</span> <span class='ocrx_word' id='word_1_54' title='bbox 1031 627 1158 670; x_wconf 91' lang='lat' dir='ltr'>hirtis</span> <span class='ocrx_word' id='word_1_55' title='bbox 1194 633 1253 674; x_wconf 71' lang='lat'>26.</span> <span class='ocrx_word' id='word_1_56' title='bbox 1286 650 1344 655; x_wconf 88' lang='lat'><em>-</em></span> <span class='ocrx_word' id='word_1_57' title='bbox 1378 625 1683 678; x_wconf 72' lang='lat' dir='ltr'>Diplopappus</span> <span class='ocrx_word' id='word_1_58' title='bbox 1707 624 1967 667; x_wconf 71' lang='lat' dir='ltr'>Caucasicus</span> 
     </span>
     <span class='ocr_line' id='line_1_9' title="bbox 267 684 1792 745; baseline -0.004 -12"><span class='ocrx_word' id='word_1_59' title='bbox 267 703 348 733; x_wconf 68' lang='lat' dir='ltr'>nc.</span> <span class='ocrx_word' id='word_1_60' title='bbox 374 690 529 732; x_wconf 56' lang='lat' dir='ltr'>Prodi:</span> <span class='ocrx_word' id='word_1_61' title='bbox 553 689 604 741; x_wconf 86' lang='lat' dir='ltr'>V,</span> <span class='ocrx_word' id='word_1_62' title='bbox 630 702 674 745; x_wconf 88' lang='lat' dir='ltr'>p.</span> <span class='ocrx_word' id='word_1_63' title='bbox 704 689 802 730; x_wconf 64' lang='grc' dir='ltr'>ΞΠ.</span> <span class='ocrx_word' id='word_1_64' title='bbox 828 711 883 718; x_wconf 90' lang='lat'>-—-</span> <span class='ocrx_word' id='word_1_65' title='bbox 912 686 961 729; x_wconf 88' lang='lat' dir='ltr'>A.</span> <span class='ocrx_word' id='word_1_66' title='bbox 990 685 1328 738; x_wconf 77' lang='lat' dir='ltr'>monocephalus</span> <span class='ocrx_word' id='word_1_67' title='bbox 1352 685 1493 728; x_wconf 91' lang='lat' dir='ltr'>Boiss.</span> <span class='ocrx_word' id='word_1_68' title='bbox 1516 685 1562 726; x_wconf 92' lang='lat' dir='ltr'>in</span> <span class='ocrx_word' id='word_1_69' title='bbox 1590 684 1678 727; x_wconf 86' lang='lat' dir='ltr'>Bal.</span> <span class='ocrx_word' id='word_1_70' title='bbox 1702 696 1792 727; x_wconf 81' lang='lat' dir='ltr'>exs.</span> 
     </span>
    </p>
   </div>
   <div class='ocr_carea' id='block_1_3' title="bbox 270 755 1973 858">
    <p class='ocr_par' dir='ltr' id='par_1_3' title="bbox 270 755 1973 858">
     <span class='ocr_line' id='line_1_10' title="bbox 316 755 1973 810; baseline -0.005 -10"><span class='ocrx_word' id='word_1_71' title='bbox 316 764 420 800; x_wconf 81' lang='lat' dir='ltr'>Hah.</span> <span class='ocrx_word' id='word_1_72' title='bbox 455 764 496 799; x_wconf 90' lang='lat' dir='ltr'>in</span> <span class='ocrx_word' id='word_1_73' title='bbox 525 763 695 810; x_wconf 80' lang='lat' dir='ltr'>Alpibus</span> <span class='ocrx_word' id='word_1_74' title='bbox 726 761 948 797; x_wconf 79' lang='lat' dir='ltr'>Caucasicis</span> <span class='ocrx_word' id='word_1_75' title='bbox 977 760 1123 805; x_wconf 62' lang='lat' dir='ltr'>(MR),</span> <span class='ocrx_word' id='word_1_76' title='bbox 1146 760 1187 795; x_wconf 90' lang='lat' dir='ltr'>in</span> <span class='ocrx_word' id='word_1_77' title='bbox 1215 759 1391 796; x_wconf 84' lang='lat' dir='ltr'>Caucaso</span> <span class='ocrx_word' id='word_1_78' title='bbox 1415 758 1580 794; x_wconf 82' lang='lat' dir='ltr'>centrali</span> <span class='ocrx_word' id='word_1_79' title='bbox 1596 756 1645 793; x_wconf 87' lang='lat' dir='ltr'>ad</span> <span class='ocrx_word' id='word_1_80' title='bbox 1664 757 1831 794; x_wconf 84' lang='lat' dir='ltr'>Gudaur</span> <span class='ocrx_word' id='word_1_81' title='bbox 1855 755 1973 802; x_wconf 77' lang='lat' dir='ltr'>(Reh-</span> 
     </span>
     <span class='ocr_line' id='line_1_11' title="bbox 270 803 1926 858; baseline -0.006 -10"><span class='ocrx_word' id='word_1_82' title='bbox 270 814 440 857; x_wconf 83' lang='lat' dir='ltr'>mannl),</span> <span class='ocrx_word' id='word_1_83' title='bbox 458 811 500 846; x_wconf 90' lang='lat' dir='ltr'>in</span> <span class='ocrx_word' id='word_1_84' title='bbox 518 812 640 858; x_wconf 75' lang='lat' dir='ltr'>pratis</span> <span class='ocrx_word' id='word_1_85' title='bbox 660 809 805 845; x_wconf 81' lang='lat' dir='ltr'>montis</span> <span class='ocrx_word' id='word_1_86' title='bbox 823 807 1176 853; x_wconf 82' lang='lat' dir='ltr'>Bousdouandagh</span> <span class='ocrx_word' id='word_1_87' title='bbox 1196 806 1308 842; x_wconf 81' lang='lat' dir='ltr'>Ponti</span> <span class='ocrx_word' id='word_1_88' title='bbox 1328 806 1458 841; x_wconf 82' lang='lat' dir='ltr'>Lazici</span> <span class='ocrx_word' id='word_1_89' title='bbox 1478 805 1583 841; x_wconf 77' lang='lat'><strong>7200‘</strong></span> <span class='ocrx_word' id='word_1_90' title='bbox 1604 803 1733 850; x_wconf 83' lang='lat' dir='ltr'>(Ball)</span> <span class='ocrx_word' id='word_1_91' title='bbox 1753 803 1810 840; x_wconf 89' lang='lat' dir='ltr'>Fl.</span> <span class='ocrx_word' id='word_1_92' title='bbox 1827 804 1926 849; x_wconf 81' lang='lat' dir='ltr'>Aug.</span> 
     </span>
    </p>
   </div>
   <div class='ocr_carea' id='block_1_4' title="bbox 319 880 1461 1001">
    <p class='ocr_par' dir='ltr' id='par_1_4' title="bbox 319 880 1461 1001">
     <span class='ocr_line' id='line_1_12' title="bbox 329 880 1436 939; baseline -0.005 -12"><span class='ocrx_word' id='word_1_93' title='bbox 329 885 374 939; x_wconf 82' lang='grc' dir='ltr'>β.</span> <span class='ocrx_word' id='word_1_94' title='bbox 407 883 741 939; x_wconf 70' lang='lat' dir='ltr'>pleiooephalas.</span> <span class='ocrx_word' id='word_1_95' title='bbox 776 908 825 913; x_wconf 80' lang='lat'>—</span> <span class='ocrx_word' id='word_1_96' title='bbox 859 881 1055 936; x_wconf 85' lang='lat' dir='ltr'>Capitula</span> <span class='ocrx_word' id='word_1_97' title='bbox 1082 882 1157 925; x_wconf 77' lang='grc'>3-4</span> <span class='ocrx_word' id='word_1_98' title='bbox 1178 880 1436 924; x_wconf 85' lang='lat' dir='ltr'>terminalia.</span> 
     </span>
     <span class='ocr_line' id='line_1_13' title="bbox 319 956 1461 1001; baseline -0.004 -5"><span class='ocrx_word' id='word_1_99' title='bbox 319 960 419 996; x_wconf 74' lang='lat' dir='ltr'>Hah.</span> <span class='ocrx_word' id='word_1_100' title='bbox 439 959 480 996; x_wconf 89' lang='lat' dir='ltr'>in</span> <span class='ocrx_word' id='word_1_101' title='bbox 498 959 633 996; x_wconf 80' lang='lat' dir='ltr'>Guriae</span> <span class='ocrx_word' id='word_1_102' title='bbox 654 958 854 994; x_wconf 89' lang='lat' dir='ltr'>montibus</span> <span class='ocrx_word' id='word_1_103' title='bbox 873 957 1083 994; x_wconf 83' lang='lat' dir='ltr'>altioribus</span> <span class='ocrx_word' id='word_1_104' title='bbox 1100 956 1278 993; x_wconf 87' lang='lat' dir='ltr'>Adschar</span> <span class='ocrx_word' id='word_1_105' title='bbox 1297 956 1461 1001; x_wconf 87' lang='lat' dir='ltr'>(Szovl).</span> 
     </span>
    </p>
   </div>
   <div class='ocr_carea' id='block_1_5' title="bbox 269 1017 1979 1212">
    <p class='ocr_par' dir='ltr' id='par_1_5' title="bbox 269 1017 1979 1212">
     <span class='ocr_line' id='line_1_14' title="bbox 321 1017 1977 1068; baseline -0.004 -9"><span class='ocrx_word' id='word_1_106' title='bbox 321 1023 479 1060; x_wconf 82' lang='lat' dir='ltr'>Pedalis</span> <span class='ocrx_word' id='word_1_107' title='bbox 496 1022 562 1058; x_wconf 87' lang='lat' dir='ltr'>vel</span> <span class='ocrx_word' id='word_1_108' title='bbox 581 1020 786 1068; x_wconf 78' lang='lat' dir='ltr'>bipedalis,</span> <span class='ocrx_word' id='word_1_109' title='bbox 803 1021 894 1057; x_wconf 81' lang='lat' dir='ltr'>folia</span> <span class='ocrx_word' id='word_1_110' title='bbox 913 1020 1208 1067; x_wconf 76' lang='lat' dir='ltr'>1-2-pollicaria‚</span> <span class='ocrx_word' id='word_1_111' title='bbox 1227 1019 1443 1066; x_wconf 85' lang='lat' dir='ltr'>capitulum</span> <span class='ocrx_word' id='word_1_112' title='bbox 1463 1028 1592 1065; x_wconf 82' lang='lat' dir='ltr'>magn.</span> <span class='ocrx_word' id='word_1_113' title='bbox 1612 1018 1660 1054; x_wconf 87' lang='lat' dir='ltr'>A.</span> <span class='ocrx_word' id='word_1_114' title='bbox 1679 1017 1837 1061; x_wconf 78' lang='lat' dir='ltr'>Amclli,</span> <span class='ocrx_word' id='word_1_115' title='bbox 1854 1017 1977 1065; x_wconf 75' lang='lat' dir='ltr'>pappi</span> 
     </span>
     <span class='ocr_line' id='line_1_15' title="bbox 269 1064 1979 1114; baseline -0.005 -7"><span class='ocrx_word' id='word_1_116' title='bbox 269 1073 363 1107; x_wconf 75' lang='lat' dir='ltr'>seta.²</span> <span class='ocrx_word' id='word_1_117' title='bbox 382 1072 552 1107; x_wconf 73' lang='lat' dir='ltr'>externae</span> <span class='ocrx_word' id='word_1_118' title='bbox 579 1069 783 1105; x_wconf 61' lang='lat' dir='ltr'>nonnullae</span> <span class='ocrx_word' id='word_1_119' title='bbox 803 1068 955 1112; x_wconf 55' lang='lat' dir='ltr'>breves</span> <span class='ocrx_word' id='word_1_120' title='bbox 979 1070 1058 1114; x_wconf 65' lang='lat' dir='ltr'>qua</span> <span class='ocrx_word' id='word_1_121' title='bbox 1077 1069 1170 1103; x_wconf 69' lang='lat' dir='ltr'>nota</span> <span class='ocrx_word' id='word_1_122' title='bbox 1190 1068 1324 1102; x_wconf 83' lang='lat' dir='ltr'>nostra</span> <span class='ocrx_word' id='word_1_123' title='bbox 1348 1067 1495 1113; x_wconf 86' lang='lat' dir='ltr'>species</span> <span class='ocrx_word' id='word_1_124' title='bbox 1520 1068 1558 1101; x_wconf 88' lang='lat' dir='ltr'>et</span> <span class='ocrx_word' id='word_1_125' title='bbox 1580 1066 1710 1102; x_wconf 72' lang='lat' dir='ltr'>caeteri</span> <span class='ocrx_word' id='word_1_126' title='bbox 1730 1064 1979 1113; x_wconf 76' lang='lat' dir='ltr'>Diplopappz&#39;</span> 
     </span>
     <span class='ocr_line' id='line_1_16' title="bbox 272 1112 1977 1159; baseline -0.004 -5"><span class='ocrx_word' id='word_1_127' title='bbox 272 1117 527 1155; x_wconf 79' lang='lat' dir='ltr'>Calimerz&#39;dci</span> <span class='ocrx_word' id='word_1_128' title='bbox 549 1127 597 1152; x_wconf 81' lang='lat' dir='ltr'>ex</span> <span class='ocrx_word' id='word_1_129' title='bbox 617 1116 726 1152; x_wconf 60' lang='lat' dir='ltr'>India</span> <span class='ocrx_word' id='word_1_130' title='bbox 744 1115 900 1152; x_wconf 89' lang='lat' dir='ltr'>oriundi</span> <span class='ocrx_word' id='word_1_131' title='bbox 921 1115 971 1150; x_wconf 82' lang='lat' dir='ltr'>ab</span> <span class='ocrx_word' id='word_1_132' title='bbox 990 1115 1130 1151; x_wconf 71' lang='lat' dir='ltr'>Astera</span> <span class='ocrx_word' id='word_1_133' title='bbox 1157 1115 1334 1159; x_wconf 80' lang='lat' dir='ltr'>generice</span> <span class='ocrx_word' id='word_1_134' title='bbox 1365 1123 1445 1149; x_wconf 90' lang='lat' dir='ltr'>non</span> <span class='ocrx_word' id='word_1_135' title='bbox 1472 1112 1744 1159; x_wconf 83' lang='lat' dir='ltr'>distinguendi</span> <span class='ocrx_word' id='word_1_136' title='bbox 1762 1115 1864 1157; x_wconf 81' lang='lat' dir='ltr'>sunt,</span> <span class='ocrx_word' id='word_1_137' title='bbox 1883 1120 1977 1147; x_wconf 86' lang='lat' dir='ltr'>nam</span> 
     </span>
     <span class='ocr_line' id='line_1_17' title="bbox 273 1160 1519 1212; baseline -0.006 -11"><span class='ocrx_word' id='word_1_138' title='bbox 273 1165 315 1201; x_wconf 86' lang='lat' dir='ltr'>in</span> <span class='ocrx_word' id='word_1_139' title='bbox 337 1165 410 1201; x_wconf 86' lang='lat' dir='ltr'>hoc</span> <span class='ocrx_word' id='word_1_140' title='bbox 429 1174 586 1212; x_wconf 88' lang='lat' dir='ltr'>quoque</span> <span class='ocrx_word' id='word_1_141' title='bbox 606 1174 687 1199; x_wconf 85' lang='lat' dir='ltr'>una</span> <span class='ocrx_word' id='word_1_142' title='bbox 705 1163 880 1200; x_wconf 83' lang='lat' dir='ltr'>alterave</span> <span class='ocrx_word' id='word_1_143' title='bbox 898 1164 980 1198; x_wconf 87' lang='lat' dir='ltr'>seta</span> <span class='ocrx_word' id='word_1_144' title='bbox 1006 1161 1175 1198; x_wconf 81' lang='lat' dir='ltr'>exterior</span> <span class='ocrx_word' id='word_1_145' title='bbox 1191 1161 1323 1197; x_wconf 85' lang='lat' dir='ltr'>brevis</span> <span class='ocrx_word' id='word_1_146' title='bbox 1342 1160 1519 1196; x_wconf 89' lang='lat' dir='ltr'>occurrit.</span> 
     </span>
    </p>
   </div>
   <div class='ocr_carea' id='block_1_6' title="bbox 832 1276 1420 1330">
    <p class='ocr_par' dir='ltr' id='par_1_6' title="bbox 832 1276 1420 1330">
     <span class='ocr_line' id='line_1_18' title="bbox 832 1276 1420 1330; baseline -0.009 -9"><span class='ocrx_word' id='word_1_147' title='bbox 832 1277 1001 1330; x_wconf 78' lang='lat' dir='ltr'>Species</span> <span class='ocrx_word' id='word_1_148' title='bbox 1033 1289 1124 1318; x_wconf 72' lang='lat' dir='ltr'>non</span> <span class='ocrx_word' id='word_1_149' title='bbox 1155 1276 1266 1318; x_wconf 74' lang='lat' dir='ltr'>satis</span> <span class='ocrx_word' id='word_1_150' title='bbox 1298 1279 1420 1318; x_wconf 52' lang='grc' dir='ltr'><em>ποῖαι</em></span> 
     </span>
    </p>
   </div>
   <div class='ocr_carea' id='block_1_7' title="bbox 279 1400 1984 1943">
    <p class='ocr_par' dir='ltr' id='par_1_7' title="bbox 279 1400 1984 1810">
     <span class='ocr_line' id='line_1_19' title="bbox 339 1400 1982 1460; baseline -0.005 -9"><span class='ocrx_word' id='word_1_151' title='bbox 339 1410 390 1451; x_wconf 83' lang='grc' dir='ltr'>Α.</span> <span class='ocrx_word' id='word_1_152' title='bbox 424 1406 569 1449; x_wconf 78' lang='lat' dir='ltr'>hirtus</span> <span class='ocrx_word' id='word_1_153' title='bbox 602 1404 668 1460; x_wconf 75' lang='lat' dir='ltr'>(G.</span> <span class='ocrx_word' id='word_1_154' title='bbox 716 1406 833 1449; x_wconf 83' lang='lat' dir='ltr'>Koch</span> <span class='ocrx_word' id='word_1_155' title='bbox 875 1404 999 1446; x_wconf 87' lang='lat' dir='ltr'>Linn.</span> <span class='ocrx_word' id='word_1_156' title='bbox 1040 1400 1200 1454; x_wconf 77' lang='lat' dir='ltr'>XXIII,</span> <span class='ocrx_word' id='word_1_157' title='bbox 1228 1416 1272 1458; x_wconf 87' lang='lat' dir='ltr'>p.</span> <span class='ocrx_word' id='word_1_158' title='bbox 1299 1401 1404 1457; x_wconf 82' lang='lat'>701)</span> <span class='ocrx_word' id='word_1_159' title='bbox 1441 1402 1600 1453; x_wconf 63' lang='lat' dir='ltr'>hirtus</span> <span class='ocrx_word' id='word_1_160' title='bbox 1636 1401 1758 1444; x_wconf 83' lang='lat' dir='ltr'>caule</span> <span class='ocrx_word' id='word_1_161' title='bbox 1796 1400 1982 1457; x_wconf 86' lang='lat' dir='ltr'>simplici</span> 
     </span>
     <span class='ocr_line' id='line_1_20' title="bbox 279 1460 1982 1523; baseline -0.005 -13"><span class='ocrx_word' id='word_1_162' title='bbox 279 1467 418 1523; x_wconf 83' lang='lat' dir='ltr'>pedali</span> <span class='ocrx_word' id='word_1_163' title='bbox 458 1465 609 1508; x_wconf 85' lang='lat' dir='ltr'>solioso</span> <span class='ocrx_word' id='word_1_164' title='bbox 637 1464 954 1515; x_wconf 84' lang='lat' dir='ltr'>hirto-sulcato,</span> <span class='ocrx_word' id='word_1_165' title='bbox 991 1461 1104 1505; x_wconf 86' lang='lat' dir='ltr'>foliis</span> <span class='ocrx_word' id='word_1_166' title='bbox 1132 1460 1540 1515; x_wconf 82' lang='lat' dir='ltr'>elliptico-oblongis</span> <span class='ocrx_word' id='word_1_167' title='bbox 1577 1461 1715 1504; x_wconf 84' lang='lat' dir='ltr'>aculis</span> <span class='ocrx_word' id='word_1_168' title='bbox 1752 1460 1845 1503; x_wconf 83' lang='lat' dir='ltr'>basi</span> <span class='ocrx_word' id='word_1_169' title='bbox 1875 1463 1982 1503; x_wconf 85' lang='lat' dir='ltr'>atle-</span> 
     </span>
     <span class='ocr_line' id='line_1_21' title="bbox 279 1519 1983 1576; baseline -0.005 -6"><span class='ocrx_word' id='word_1_170' title='bbox 279 1527 424 1570; x_wconf 80' lang='lat' dir='ltr'>nuat1s</span> <span class='ocrx_word' id='word_1_171' title='bbox 457 1524 686 1568; x_wconf 87' lang='lat' dir='ltr'>sessilibus</span> <span class='ocrx_word' id='word_1_172' title='bbox 714 1524 907 1575; x_wconf 79' lang='lat' dir='ltr'>integris,</span> <span class='ocrx_word' id='word_1_173' title='bbox 945 1521 1165 1576; x_wconf 76' lang='lat' dir='ltr'>supremis</span> <span class='ocrx_word' id='word_1_174' title='bbox 1199 1520 1514 1575; x_wconf 79' lang='lat' dir='ltr'>approximatis</span> <span class='ocrx_word' id='word_1_175' title='bbox 1550 1519 1735 1574; x_wconf 81' lang='lat' dir='ltr'>capitula</span> <span class='ocrx_word' id='word_1_176' title='bbox 1773 1520 1983 1562; x_wconf 78' lang='lat' dir='ltr'>subterna</span> 
     </span>
     <span class='ocr_line' id='line_1_22' title="bbox 280 1576 1984 1640; baseline -0.006 -11"><span class='ocrx_word' id='word_1_177' title='bbox 280 1589 464 1640; x_wconf 79' lang='lat' dir='ltr'>angusta</span> <span class='ocrx_word' id='word_1_178' title='bbox 491 1583 751 1626; x_wconf 76' lang='lat' dir='ltr'>brevissime</span> <span class='ocrx_word' id='word_1_179' title='bbox 777 1581 1070 1636; x_wconf 80' lang='lat' dir='ltr'>pedunculata</span> <span class='ocrx_word' id='word_1_180' title='bbox 1106 1579 1433 1633; x_wconf 77' lang='lat' dir='ltr'>superantibus.</span> <span class='ocrx_word' id='word_1_181' title='bbox 1455 1578 1671 1621; x_wconf 84' lang='lat' dir='ltr'>involucri</span> <span class='ocrx_word' id='word_1_182' title='bbox 1694 1578 1852 1633; x_wconf 86' lang='lat' dir='ltr'>phyllis</span> <span class='ocrx_word' id='word_1_183' title='bbox 1879 1576 1984 1620; x_wconf 90' lang='lat' dir='ltr'>sub-</span> 
     </span>
     <span class='ocr_line' id='line_1_23' title="bbox 280 1635 1983 1699; baseline -0.006 -10"><span class='ocrx_word' id='word_1_184' title='bbox 280 1644 523 1699; x_wconf 77' lang='lat' dir='ltr'>aequalibus</span> <span class='ocrx_word' id='word_1_185' title='bbox 551 1642 745 1685; x_wconf 81' lang='lat' dir='ltr'>externis</span> <span class='ocrx_word' id='word_1_186' title='bbox 771 1641 1074 1692; x_wconf 79' lang='lat' dir='ltr'>lato-oblongis</span> <span class='ocrx_word' id='word_1_187' title='bbox 1105 1639 1307 1691; x_wconf 65' lang='lat' dir='ltr'>lintellis,</span> <span class='ocrx_word' id='word_1_188' title='bbox 1340 1636 1625 1681; x_wconf 87' lang='lat' dir='ltr'>interioribus</span> <span class='ocrx_word' id='word_1_189' title='bbox 1658 1635 1983 1692; x_wconf 83' lang='lat' dir='ltr'>angustioribus</span> 
     </span>
     <span class='ocr_line' id='line_1_24' title="bbox 279 1694 1984 1759; baseline -0.006 -12"><span class='ocrx_word' id='word_1_190' title='bbox 279 1705 380 1759; x_wconf 84' lang='lat' dir='ltr'>plus</span> <span class='ocrx_word' id='word_1_191' title='bbox 418 1703 562 1744; x_wconf 86' lang='lat' dir='ltr'>miuus</span> <span class='ocrx_word' id='word_1_192' title='bbox 607 1700 996 1754; x_wconf 78' lang='lat' dir='ltr'>glabresccntibus,</span> <span class='ocrx_word' id='word_1_193' title='bbox 1040 1712 1181 1754; x_wconf 88' lang='lat' dir='ltr'>pappo</span> <span class='ocrx_word' id='word_1_194' title='bbox 1222 1698 1443 1750; x_wconf 67' lang='lat' dir='ltr'>biseriatQ</span> <span class='ocrx_word' id='word_1_195' title='bbox 1488 1696 1680 1741; x_wconf 85' lang='lat' dir='ltr'>acheniis</span> <span class='ocrx_word' id='word_1_196' title='bbox 1721 1694 1984 1750; x_wconf 85' lang='lat' dir='ltr'>compressis</span> 
     </span>
     <span class='ocr_line' id='line_1_25' title="bbox 279 1762 500 1810; baseline -0.005 -6"><span class='ocrx_word' id='word_1_197' title='bbox 279 1762 407 1806; x_wconf 85' lang='lat' dir='ltr'>hirtis</span> <span class='ocrx_word' id='word_1_198' title='bbox 441 1768 500 1810; x_wconf 65' lang='lat'>26.</span> 
     </span>
    </p>

    <p class='ocr_par' dir='ltr' id='par_1_8' title="bbox 325 1825 1840 1875">
     <span class='ocr_line' id='line_1_26' title="bbox 325 1825 1840 1875; baseline -0.006 -3"><span class='ocrx_word' id='word_1_199' title='bbox 325 1836 416 1872; x_wconf 82' lang='lat' dir='ltr'>Hab</span> <span class='ocrx_word' id='word_1_200' title='bbox 444 1837 486 1872; x_wconf 88' lang='lat' dir='ltr'>in</span> <span class='ocrx_word' id='word_1_201' title='bbox 505 1836 653 1872; x_wconf 87' lang='lat' dir='ltr'>ditione</span> <span class='ocrx_word' id='word_1_202' title='bbox 671 1834 847 1870; x_wconf 83' lang='lat' dir='ltr'>Artahan</span> <span class='ocrx_word' id='word_1_203' title='bbox 868 1832 1064 1869; x_wconf 70' lang='lat' dir='ltr'>Armeniae</span> <span class='ocrx_word' id='word_1_204' title='bbox 1083 1831 1254 1868; x_wconf 82' lang='lat' dir='ltr'>Ponticae</span> <span class='ocrx_word' id='word_1_205' title='bbox 1272 1830 1475 1867; x_wconf 84' lang='lat' dir='ltr'>orientalis</span> <span class='ocrx_word' id='word_1_206' title='bbox 1492 1829 1598 1866; x_wconf 84' lang='lat'><strong>5000‘</strong></span> <span class='ocrx_word' id='word_1_207' title='bbox 1625 1825 1683 1875; x_wconf 88' lang='lat' dir='ltr'>(C.</span> <span class='ocrx_word' id='word_1_208' title='bbox 1701 1828 1840 1874; x_wconf 85' lang='lat' dir='ltr'>Koch).</span> 
     </span>
    </p>

    <p class='ocr_par' dir='ltr' id='par_1_9' title="bbox 328 1893 1441 1943">
     <span class='ocr_line' id='line_1_27' title="bbox 328 1893 1441 1943; baseline -0.006 -7"><span class='ocrx_word' id='word_1_209' title='bbox 328 1900 417 1936; x_wconf 89' lang='lat' dir='ltr'>Non</span> <span class='ocrx_word' id='word_1_210' title='bbox 436 1898 529 1943; x_wconf 69' lang='lat' dir='ltr'>vidi,</span> <span class='ocrx_word' id='word_1_211' title='bbox 549 1909 597 1934; x_wconf 81' lang='lat' dir='ltr'>ex</span> <span class='ocrx_word' id='word_1_212' title='bbox 615 1897 660 1933; x_wconf 90' lang='lat' dir='ltr'>cl.</span> <span class='ocrx_word' id='word_1_213' title='bbox 681 1900 837 1933; x_wconf 83' lang='lat' dir='ltr'>auctore</span> <span class='ocrx_word' id='word_1_214' title='bbox 854 1895 982 1931; x_wconf 80' lang='lat' dir='ltr'>affinis</span> <span class='ocrx_word' id='word_1_215' title='bbox 1001 1895 1038 1931; x_wconf 87' lang='lat' dir='ltr'><strong><em>A</em></strong></span> <span class='ocrx_word' id='word_1_216' title='bbox 1074 1893 1281 1942; x_wconf 72' lang='lat' dir='ltr'>pereym&#39;no</span> <span class='ocrx_word' id='word_1_217' title='bbox 1300 1893 1441 1930; x_wconf 84' lang='lat' dir='ltr'>Pursh.</span> 
     </span>
    </p>
   </div>
   <div class='ocr_carea' id='block_1_8' title="bbox 283 2004 1989 2302">
    <p class='ocr_par' dir='ltr' id='par_1_10' title="bbox 283 2004 1989 2302">
     <span class='ocr_line' id='line_1_28' title="bbox 342 2004 1983 2065; baseline -0.005 -10"><span class='ocrx_word' id='word_1_218' title='bbox 342 2013 392 2055; x_wconf 88' lang='lat' dir='ltr'>A.</span> <span class='ocrx_word' id='word_1_219' title='bbox 427 2009 720 2064; x_wconf 60' lang='lat' dir='ltr'>hotv-yautlms</span> <span class='ocrx_word' id='word_1_220' title='bbox 743 2008 806 2065; x_wconf 67' lang='lat' dir='ltr'>(C.</span> <span class='ocrx_word' id='word_1_221' title='bbox 837 2009 955 2052; x_wconf 83' lang='lat' dir='ltr'>Koch</span> <span class='ocrx_word' id='word_1_222' title='bbox 983 2009 1058 2050; x_wconf 88' lang='lat' dir='ltr'>loc.</span> <span class='ocrx_word' id='word_1_223' title='bbox 1086 2007 1192 2061; x_wconf 70' lang='lat' dir='ltr'>cit),</span> <span class='ocrx_word' id='word_1_224' title='bbox 1230 2006 1354 2049; x_wconf 85' lang='lat' dir='ltr'>caule</span> <span class='ocrx_word' id='word_1_225' title='bbox 1389 2005 1576 2059; x_wconf 83' lang='lat' dir='ltr'>simplici</span> <span class='ocrx_word' id='word_1_226' title='bbox 1603 2004 1756 2048; x_wconf 86' lang='lat' dir='ltr'>folioso</span> <span class='ocrx_word' id='word_1_227' title='bbox 1793 2015 1983 2058; x_wconf 85' lang='lat' dir='ltr'>superne</span> 
     </span>
     <span class='ocr_line' id='line_1_29' title="bbox 284 2063 1989 2128; baseline -0.005 -12"><span class='ocrx_word' id='word_1_228' title='bbox 284 2071 515 2128; x_wconf 69' lang='lat' dir='ltr'>puber-ulo,</span> <span class='ocrx_word' id='word_1_229' title='bbox 539 2070 651 2112; x_wconf 85' lang='lat' dir='ltr'>foliis</span> <span class='ocrx_word' id='word_1_230' title='bbox 669 2068 943 2122; x_wconf 82' lang='lat' dir='ltr'>glaberrimis</span> <span class='ocrx_word' id='word_1_231' title='bbox 969 2065 1237 2109; x_wconf 89' lang='lat' dir='ltr'>duriusculis</span> <span class='ocrx_word' id='word_1_232' title='bbox 1260 2065 1442 2117; x_wconf 80' lang='lat' dir='ltr'>integris</span> <span class='ocrx_word' id='word_1_233' title='bbox 1468 2064 1665 2118; x_wconf 77' lang='lat' dir='ltr'>oblongis</span> <span class='ocrx_word' id='word_1_234' title='bbox 1682 2063 1775 2106; x_wconf 83' lang='lat' dir='ltr'>basi</span> <span class='ocrx_word' id='word_1_235' title='bbox 1793 2066 1989 2107; x_wconf 76' lang='lat' dir='ltr'>attenua-</span> 
     </span>
     <span class='ocr_line' id='line_1_30' title="bbox 283 2122 1989 2181; baseline -0.005 -7"><span class='ocrx_word' id='word_1_236' title='bbox 283 2132 340 2175; x_wconf 87' lang='lat' dir='ltr'>tis</span> <span class='ocrx_word' id='word_1_237' title='bbox 363 2130 647 2173; x_wconf 82' lang='lat' dir='ltr'>inferioribus</span> <span class='ocrx_word' id='word_1_238' title='bbox 676 2128 833 2181; x_wconf 76' lang='lat' dir='ltr'>petiole</span> <span class='ocrx_word' id='word_1_239' title='bbox 858 2126 969 2169; x_wconf 83' lang='lat' dir='ltr'>alato</span> <span class='ocrx_word' id='word_1_240' title='bbox 997 2125 1207 2175; x_wconf 81' lang='lat' dir='ltr'>suffultis,</span> <span class='ocrx_word' id='word_1_241' title='bbox 1236 2124 1438 2179; x_wconf 88' lang='lat' dir='ltr'>capitulis</span> <span class='ocrx_word' id='word_1_242' title='bbox 1465 2122 1784 2166; x_wconf 84' lang='lat' dir='ltr'>subracemosis</span> <span class='ocrx_word' id='word_1_243' title='bbox 1811 2122 1989 2165; x_wconf 86' lang='lat' dir='ltr'>cernuis</span> 
     </span>
     <span class='ocr_line' id='line_1_31' title="bbox 287 2180 1989 2247; baseline -0.005 -15"><span class='ocrx_word' id='word_1_244' title='bbox 287 2189 546 2247; x_wconf 81' lang='lat' dir='ltr'>pedunculis</span> <span class='ocrx_word' id='word_1_245' title='bbox 588 2187 941 2241; x_wconf 75' lang='lat' dir='ltr'>pubescentibus,</span> <span class='ocrx_word' id='word_1_246' title='bbox 984 2184 1197 2227; x_wconf 85' lang='lat' dir='ltr'>involucri</span> <span class='ocrx_word' id='word_1_247' title='bbox 1241 2182 1523 2238; x_wconf 83' lang='lat' dir='ltr'>glabriusculi</span> <span class='ocrx_word' id='word_1_248' title='bbox 1567 2181 1726 2236; x_wconf 86' lang='lat' dir='ltr'>phyllis</span> <span class='ocrx_word' id='word_1_249' title='bbox 1767 2180 1989 2225; x_wconf 85' lang='lat' dir='ltr'>herbaccis</span> 
     </span>
     <span class='ocr_line' id='line_1_32' title="bbox 287 2243 1108 2302; baseline -0.009 -10"><span class='ocrx_word' id='word_1_250' title='bbox 287 2246 760 2302; x_wconf 76' lang='lat' dir='ltr'>oblongo-lanceolatis‚</span> <span class='ocrx_word' id='word_1_251' title='bbox 787 2245 933 2297; x_wconf 84' lang='lat' dir='ltr'>ligulis</span> <span class='ocrx_word' id='word_1_252' title='bbox 955 2243 1108 2287; x_wconf 83' lang='lat' dir='ltr'>roseis.</span> 
     </span>
    </p>
   </div>
   <div class='ocr_carea' id='block_1_9' title="bbox 288 2313 1990 2413">
    <p class='ocr_par' dir='ltr' id='par_1_11' title="bbox 288 2313 1990 2413">
     <span class='ocr_line' id='line_1_33' title="bbox 336 2313 1990 2365; baseline -0.005 -7"><span class='ocrx_word' id='word_1_253' title='bbox 336 2323 423 2358; x_wconf 89' lang='lat' dir='ltr'>Non</span> <span class='ocrx_word' id='word_1_254' title='bbox 443 2321 538 2365; x_wconf 81' lang='lat' dir='ltr'>vidi,</span> <span class='ocrx_word' id='word_1_255' title='bbox 554 2321 664 2356; x_wconf 86' lang='lat' dir='ltr'>locus</span> <span class='ocrx_word' id='word_1_256' title='bbox 685 2319 818 2355; x_wconf 84' lang='lat' dir='ltr'>nullus</span> <span class='ocrx_word' id='word_1_257' title='bbox 837 2318 1043 2361; x_wconf 68' lang='lat' dir='ltr'>indicatus,</span> <span class='ocrx_word' id='word_1_258' title='bbox 1068 2317 1156 2353; x_wconf 87' lang='lat' dir='ltr'>ideo</span> <span class='ocrx_word' id='word_1_259' title='bbox 1178 2316 1309 2353; x_wconf 80' lang='lat' dir='ltr'>forsan</span> <span class='ocrx_word' id='word_1_260' title='bbox 1336 2326 1414 2352; x_wconf 89' lang='lat' dir='ltr'>non</span> <span class='ocrx_word' id='word_1_261' title='bbox 1436 2315 1650 2351; x_wconf 85' lang='lat' dir='ltr'>Orientalis</span> <span class='ocrx_word' id='word_1_262' title='bbox 1669 2317 1745 2358; x_wconf 82' lang='lat' dir='ltr'>est;</span> <span class='ocrx_word' id='word_1_263' title='bbox 1770 2323 1819 2350; x_wconf 84' lang='lat' dir='ltr'>ex</span> <span class='ocrx_word' id='word_1_264' title='bbox 1836 2313 1881 2349; x_wconf 86' lang='lat' dir='ltr'>cl.</span> <span class='ocrx_word' id='word_1_265' title='bbox 1901 2323 1990 2349; x_wconf 82' lang='lat' dir='ltr'>auc-</span> 
     </span>
     <span class='ocr_line' id='line_1_34' title="bbox 288 2364 1048 2413; baseline -0.008 -8"><span class='ocrx_word' id='word_1_266' title='bbox 288 2374 371 2406; x_wconf 86' lang='lat' dir='ltr'>tore</span> <span class='ocrx_word' id='word_1_267' title='bbox 388 2368 504 2405; x_wconf 85' lang='lat' dir='ltr'>valde</span> <span class='ocrx_word' id='word_1_268' title='bbox 523 2368 650 2404; x_wconf 78' lang='lat' dir='ltr'>affinis</span> <span class='ocrx_word' id='word_1_269' title='bbox 670 2367 719 2402; x_wconf 90' lang='lat' dir='ltr'>A.</span> <span class='ocrx_word' id='word_1_270' title='bbox 734 2365 904 2413; x_wconf 78' lang='lat' dir='ltr'>soliaceo</span> <span class='ocrx_word' id='word_1_271' title='bbox 921 2364 1048 2400; x_wconf 88' lang='lat' dir='ltr'>Lindl.</span> 
     </span>
    </p>
   </div>
   <div class='ocr_carea' id='block_1_10' title="bbox 781 2473 1504 2539">
    <p class='ocr_par' dir='ltr' id='par_1_12' title="bbox 781 2473 1504 2539">
     <span class='ocr_line' id='line_1_35' title="bbox 781 2473 1504 2539; baseline -0.006 -13"><span class='ocrx_word' id='word_1_272' title='bbox 781 2477 1071 2526; x_wconf 67' lang='lat' dir='ltr'>mmmm</span> <span class='ocrx_word' id='word_1_273' title='bbox 1107 2476 1239 2539; x_wconf 74' lang='lat' dir='ltr'>(cass.</span> <span class='ocrx_word' id='word_1_274' title='bbox 1279 2476 1381 2525; x_wconf 70' lang='lat' dir='ltr'>niet.</span> <span class='ocrx_word' id='word_1_275' title='bbox 1415 2473 1504 2537; x_wconf 79' lang='lat'><strong>37).</strong></span> 
     </span>
    </p>
   </div>
   <div class='ocr_carea' id='block_1_11' title="bbox 289 2599 1997 2894">
    <p class='ocr_par' dir='ltr' id='par_1_13' title="bbox 289 2599 1997 2894">
     <span class='ocr_line' id='line_1_36' title="bbox 349 2599 1996 2659; baseline -0.004 -13"><span class='ocrx_word' id='word_1_276' title='bbox 349 2604 595 2659; x_wconf 82' lang='lat' dir='ltr'>Capitulum</span> <span class='ocrx_word' id='word_1_277' title='bbox 622 2604 837 2646; x_wconf 77' lang='lat' dir='ltr'>radiatum</span> <span class='ocrx_word' id='word_1_278' title='bbox 863 2603 1010 2645; x_wconf 83' lang='lat' dir='ltr'>rarius</span> <span class='ocrx_word' id='word_1_279' title='bbox 1035 2601 1315 2645; x_wconf 85' lang='lat' dir='ltr'>discoideum.</span> <span class='ocrx_word' id='word_1_280' title='bbox 1340 2601 1503 2655; x_wconf 80' lang='lat' dir='ltr'>Ligulae</span> <span class='ocrx_word' id='word_1_281' title='bbox 1527 2599 1865 2643; x_wconf 79' lang='lat' dir='ltr'>heterochromae</span> <span class='ocrx_word' id='word_1_282' title='bbox 1898 2599 1996 2641; x_wconf 90' lang='lat' dir='ltr'>uni·</span> 
     </span>
     <span class='ocr_line' id='line_1_37' title="bbox 289 2656 1994 2715; baseline -0.004 -9"><span class='ocrx_word' id='word_1_283' title='bbox 289 2664 470 2706; x_wconf 76' lang='lat' dir='ltr'>ser-iales</span> <span class='ocrx_word' id='word_1_284' title='bbox 509 2667 690 2714; x_wconf 63' lang='lat' dir='ltr'>neutrae,</span> <span class='ocrx_word' id='word_1_285' title='bbox 731 2662 898 2705; x_wconf 86' lang='lat' dir='ltr'>flosculi</span> <span class='ocrx_word' id='word_1_286' title='bbox 938 2661 1044 2705; x_wconf 89' lang='lat' dir='ltr'>disci</span> <span class='ocrx_word' id='word_1_287' title='bbox 1082 2659 1427 2715; x_wconf 84' lang='lat' dir='ltr'>hermaphrodili</span> <span class='ocrx_word' id='word_1_288' title='bbox 1463 2656 1669 2702; x_wconf 89' lang='lat' dir='ltr'>tubulosi.</span> <span class='ocrx_word' id='word_1_289' title='bbox 1712 2657 1994 2700; x_wconf 86' lang='lat' dir='ltr'>Involucrum</span> 
     </span>
     <span class='ocr_line' id='line_1_38' title="bbox 290 2719 1994 2775; baseline -0.004 -11"><span class='ocrx_word' id='word_1_290' title='bbox 290 2722 579 2766; x_wconf 85' lang='lat' dir='ltr'>imbricatum.</span> <span class='ocrx_word' id='word_1_291' title='bbox 622 2721 958 2775; x_wconf 86' lang='lat' dir='ltr'>Receptaculum</span> <span class='ocrx_word' id='word_1_292' title='bbox 999 2720 1179 2764; x_wconf 86' lang='lat' dir='ltr'>nudum.</span> <span class='ocrx_word' id='word_1_293' title='bbox 1210 2719 1451 2762; x_wconf 86' lang='lat' dir='ltr'>Achenium</span> <span class='ocrx_word' id='word_1_294' title='bbox 1483 2720 1651 2761; x_wconf 89' lang='lat' dir='ltr'>erostre</span> <span class='ocrx_word' id='word_1_295' title='bbox 1677 2728 1994 2771; x_wconf 86' lang='lat' dir='ltr'>compressum.</span> 
     </span>
     <span class='ocr_line' id='line_1_39' title="bbox 292 2773 1997 2837; baseline -0.006 -12"><span class='ocrx_word' id='word_1_296' title='bbox 292 2782 468 2837; x_wconf 87' lang='lat' dir='ltr'>Pappus</span> <span class='ocrx_word' id='word_1_297' title='bbox 503 2782 669 2835; x_wconf 89' lang='lat' dir='ltr'>pilosus</span> <span class='ocrx_word' id='word_1_298' title='bbox 704 2780 1006 2834; x_wconf 74' lang='lat' dir='ltr'>plurIserialis.</span> <span class='ocrx_word' id='word_1_299' title='bbox 1044 2804 1098 2809; x_wconf 90' lang='lat'>——</span> <span class='ocrx_word' id='word_1_300' title='bbox 1138 2778 1295 2822; x_wconf 83' lang='lat' dir='ltr'>Herbae</span> <span class='ocrx_word' id='word_1_301' title='bbox 1322 2789 1551 2832; x_wconf 83' lang='lat' dir='ltr'>perennes.</span> <span class='ocrx_word' id='word_1_302' title='bbox 1594 2775 1743 2819; x_wconf 89' lang='lat' dir='ltr'>Genus</span> <span class='ocrx_word' id='word_1_303' title='bbox 1765 2773 1818 2817; x_wconf 84' lang='lat' dir='ltr'>ab</span> <span class='ocrx_word' id='word_1_304' title='bbox 1845 2774 1997 2817; x_wconf 69' lang='lat' dir='ltr'>Astera</span> 
     </span>
     <span class='ocr_line' id='line_1_40' title="bbox 292 2839 1021 2894; baseline -0.001 -12"><span class='ocrx_word' id='word_1_305' title='bbox 292 2840 440 2894; x_wconf 85' lang='lat' dir='ltr'>ligulis</span> <span class='ocrx_word' id='word_1_306' title='bbox 464 2841 636 2884; x_wconf 87' lang='lat' dir='ltr'>neutris</span> <span class='ocrx_word' id='word_1_307' title='bbox 660 2839 733 2882; x_wconf 76' lang='lat' dir='ltr'>vix</span> <span class='ocrx_word' id='word_1_308' title='bbox 757 2840 1021 2883; x_wconf 85' lang='lat' dir='ltr'>distinctum.</span> 
     </span>
    </p>
   </div>
   <div class='ocr_carea' id='block_1_12' title="bbox 359 2956 1998 3017">
    <p class='ocr_par' dir='ltr' id='par_1_14' title="bbox 359 2956 1998 3017">
     <span class='ocr_line' id='line_1_41' title="bbox 359 2956 1998 3017; baseline -0.005 -11"><span class='ocrx_word' id='word_1_309' title='bbox 359 2965 394 3006; x_wconf 83' lang='lat'>1.</span> <span class='ocrx_word' id='word_1_310' title='bbox 430 2963 487 3006; x_wconf 81' lang='lat' dir='ltr'>G.</span> <span class='ocrx_word' id='word_1_311' title='bbox 525 2965 812 3017; x_wconf 81' lang='lat' dir='ltr'>punctata</span> <span class='ocrx_word' id='word_1_312' title='bbox 843 2960 1032 3015; x_wconf 70' lang='lat' dir='ltr'>(Cassia.</span> <span class='ocrx_word' id='word_1_313' title='bbox 1074 2960 1183 3003; x_wconf 89' lang='lat' dir='ltr'>Dict.</span> <span class='ocrx_word' id='word_1_314' title='bbox 1221 2962 1285 3011; x_wconf 88' lang='lat'>18,</span> <span class='ocrx_word' id='word_1_315' title='bbox 1311 2974 1351 3015; x_wconf 93' lang='lat' dir='ltr'>p.</span> <span class='ocrx_word' id='word_1_316' title='bbox 1381 2960 1458 3013; x_wconf 71' lang='lat'>57)</span> <span class='ocrx_word' id='word_1_317' title='bbox 1494 2957 1759 3001; x_wconf 83' lang='lat' dir='ltr'>multicaulis</span> <span class='ocrx_word' id='word_1_318' title='bbox 1801 2956 1998 2999; x_wconf 84' lang='lat' dir='ltr'>caulibus</span> 
     </span>
    </p>
   </div>
  </div>
 </body>
</html>
