2095 3276
268 214 341 250 310
1001 226 1252 253 composrrAE.
1742 218 1966 256 Anthemis.

270 305 354 331 ram
386 297 425 331 et
452 295 549 331 Suez
584 295 765 342 (Βοίςεῐ),
796 297 837 332 in
862 297 1013 333 Arabia
1044 297 1180 333 Petrea
1211 296 1355 342 (Auch.
1374 296 1519 343 32641),
1539 298 1640 334 inter
1659 298 1851 334 Kahiram
1870 302 1907 336 et
1925 300 1974 336 El

270 343 424 388 Arysch
442 343 534 388 (Ky.
556 343 674 388 4161).
693 343 752 378 Fl.
773 343 887 379 Mart.

269 405 592 487 d‘lssdumfintum
607 408 873 442 tomentosum
891 406 939 442 A.
959 406 1106 444 deserti
1120 418 1142 443 a
1162 410 1240 454 qua
1257 407 1430 443 acheniis
1451 407 1570 455 longe
1587 409 1818 446 auriculatis
1837 412 1974 446 statim

298 462 330 487 is
350 463 461 499 mgni
481 463 536 488 ur.

329 569 398 610 68.
427 568 488 610 A.
528 569 866 613 auriculata
907 570 925 625 ζ
943 571 1080 614 Boiss.
1124 571 1276 624 Diagn.
1313 571 1405 614 Ser.
1443 571 1476 622 Ι,
1511 573 1551 625 4,
1584 585 1624 625 p.
1652 571 1717 626 5)
1758 573 1973 627 adpresse

269 626 516 680 pubescens
538 628 694 681 grisea,
711 630 909 673 caulibus
927 631 1088 683 saepius
1112 630 1313 683 pluribus
1339 631 1495 673 erectis
1520 631 1815 675 strictiuscule
1839 645 1975 676 ramo-

268 684 343 738 sis,
376 686 489 728 foliis
527 687 691 729 ambitu
730 688 1210 742 oblongo-spathulatis
1246 689 1287 732 in
1325 689 1500 731 lacinias
1542 691 1734 733 tenuiter
1770 691 1975 745 oblongo-

268 743 456 787 lineares
481 748 629 788 acutas
663 746 854 800 integras
880 748 949 790 vel
984 748 1148 790 lobatas
1173 748 1532 802 bipinnatisectis,
1563 750 1822 802 pedunculis
1855 751 1974 794 elon-

269 802 379 855 gatis
397 816 484 847 non
504 805 772 857 incrassatis,
789 807 1006 849 involucri
1031 807 1242 860 adpresse
1266 807 1425 851 hirsuti
1449 808 1597 861 pallidi
1622 808 1784 863 phyllis
1814 812 1975 863 praeter

268 861 417 904 infima
462 862 613 905 brevia
660 865 928 908 acutiuscula
975 866 1173 919 oblongis
1217 866 1385 909 obtusis
1426 867 1619 920 margine
1653 868 1736 910 late
1772 868 1976 911 scariosis

269 920 441 975 laceris,
464 923 727 977 receptaculi
753 924 1150 979 conico-cylindrici
1186 925 1321 979 paleis
1348 925 1778 969 lineari-lanceolatis
1807 927 1974 970 carina-

270 978 327 1021 tis
361 980 531 1023 inferne
569 982 888 1026 subattenuatis
929 996 1121 1038 superne
1160 984 1400 1028 sublaceris
1439 985 1484 1027 in
1515 997 1769 1028 mucronem
1808 986 1976 1029 discum

269 1043 515 1093 aequantem
551 1042 798 1095 attenuatis,
836 1043 978 1096 ligulis
1012 1043 1213 1096 ellipticis
1247 1044 1446 1087 femineis
1490 1044 1661 1087 discum
1684 1044 1977 1100 aequantibuS,

271 1097 555 1142 flosculorum
581 1100 683 1142 tubo
708 1100 799 1143 basi
822 1101 972 1144 inflato
992 1101 1243 1155 cylindrico‚
1266 1102 1457 1145 acheniis
1480 1104 1776 1146 exterioribus
1804 1103 1978 1145 brevio-

271 1156 397 1201 ribus
434 1159 668 1202 turbinatis
703 1161 1068 1204 costato-sulcatis
1105 1161 1149 1202 in
1179 1162 1419 1204 auriculam
1454 1166 1626 1204 ovatam
1663 1163 1978 1216 subfungosam

272 1216 336 1258 eis
362 1218 435 1259 vix
460 1217 709 1261 breviorem
727 1220 1005 1271 abeuntibus,
1023 1219 1307 1263 interioribus
1319 1221 1569 1274 cylindricis
1594 1222 1760 1264 striatis
1785 1221 1980 1264 auricula

273 1274 476 1319 breviore
525 1277 699 1330 hyalina
744 1279 1140 1333 truncato-hyalina
1178 1281 1397 1333 superatis
1425 1284 1489 1331 Ε).
1540 1279 1591 1321 A.
1632 1279 1834 1322 arvensis
1881 1293 1976 1322 var.

273 1335 528 1377 auriculam
551 1336 587 1378 J.
612 1336 704 1392 Gay
722 1338 767 1379 in
795 1337 885 1380 Bal.
911 1350 998 1381 exs.

322 1408 425 1445 Hah.
448 1410 488 1445 in
507 1410 674 1446 collibus
693 1410 864 1456 regionis
883 1411 1020 1447 calidae
1039 1410 1216 1447 Thraciae
1236 1414 1273 1447 et
1289 1412 1530 1448 Macedoniae
1549 1411 1757 1458 (Griseb!)‚
1773 1410 1910 1457 Lydiae
1930 1410 1981 1447 ad

275 1455 487 1502 Smyrnam
508 1458 610 1497 (Bal.
623 1469 701 1494 exs.
718 1459 811 1503 291),
827 1458 952 1494 Cariae
967 1459 1066 1494 circa
1085 1459 1245 1505 Gheyra
1263 1459 1443 1505 (Boissl).

323 1519 435 1567 Saepe
465 1521 630 1567 pedalis,
651 1522 824 1568 capitula
841 1532 974 1567 magn.
1005 1522 1056 1556 A.
1079 1522 1253 1558 arvensz's
1271 1523 1335 1558 vel
1359 1523 1521 1570 maj0ra,
1539 1523 1658 1558 facies
1680 1522 1731 1558 A.
1753 1521 1982 1560 Ruthem'cae

278 1567 453 1604 acheniis
474 1569 551 1604 fere
570 1569 694 1604 calvis
712 1570 918 1605 distinctae.
934 1569 983 1605 A.
995 1570 1154 1605 arvensz'
1169 1569 1280 1605 nullo
1295 1570 1515 1606 charactere
1529 1570 1671 1605 affinis.

337 1694 405 1735 69.
441 1693 502 1737 A.
540 1693 1011 1738 Haussknechtii
1038 1695 1056 1749 (
1073 1694 1210 1737 Boiss.
1249 1698 1291 1736 et
1330 1693 1494 1748 Reut.)
1520 1693 1729 1747 adpresse
1754 1693 1869 1736 hirta
1893 1693 1979 1747 gri-

278 1752 539 1805 seo-virens,
567 1753 762 1796 caulibus
790 1765 812 1794 e
841 1754 947 1796 collo
976 1754 1177 1807 pluribus
1203 1754 1359 1797 erectis
1382 1753 1622 1795 humilibus
1657 1753 1805 1795 stricte
1840 1763 1981 1795 ramo·

278 1811 353 1858 sis,
377 1811 489 1854 foliis
517 1812 680 1855 ambitu
708 1813 1053 1866 ovato-oblongis
1080 1813 1124 1854 in
1147 1813 1356 1856 lacinulas
1397 1811 1678 1854 brevissimas
1719 1811 1979 1854 tenuissime

277 1871 503 1913 filiformes
528 1871 806 1924 divergentes
835 1873 1127 1915 acutiusculas
1153 1871 1539 1926 tripinnafflsectis,
1580 1870 1838 1924 pedunculis
1860 1871 1980 1912 elon-

275 1929 386 1983 gatis
411 1929 585 1972 demum
608 1931 1327 1986 incrassatis‚involucriadpresse
1355 1930 1455 1971 hirti
1483 1930 1642 1984 phyllis
1667 1929 1861 1982 margine
1880 1929 1979 1983 plus

276 1989 424 2031 minus
452 1989 799 2032 fuscescenlibus
831 1991 1024 2033 externis
1063 1989 1598 2044 triangulari-lanceolatis
1635 1988 1772 2032 acutis
1795 1988 1980 2031 internis

277 2047 473 2102 oblongis
499 2048 681 2097 obtusis,
702 2050 965 2104 receptaculi
987 2050 1122 2092 conici
1145 2051 1281 2103 paleis
1299 2047 1756 2101 oblongo-lanceolatis
1775 2047 1979 2090 carinatis

276 2107 399 2160 apice
425 2108 841 2151 eroso—fimbriatulo
875 2120 988 2162 saepe
1028 2109 1141 2151 hirto
1180 2109 1364 2163 abrupte
1401 2108 1446 2149 in
1480 2118 1732 2149 mucronem
1776 2106 1980 2148 flosculos

278 2170 524 2220 aequantem
549 2168 829 2219 abeuntibus.
853 2168 996 2222 ligulis
1019 2168 1128 2210 albis
1156 2168 1370 2210 fertilibus
1393 2165 1595 2219 ellipticis
1622 2166 1740 2208 disco
1772 2165 1981 2219 aequilon-

278 2225 358 2278 gis,
381 2226 538 2268 florum
573 2227 764 2269 omnium
795 2229 899 2270 tubo
929 2227 1103 2270 dilatato
1141 2227 1471 2269 violaceo-fusco
1496 2225 1540 2266 in
1564 2225 1708 2278 ligulis
1734 2223 1978 2278 praesertim

278 2284 534 2338 incrassato,
566 2286 756 2329 acheniis
790 2286 1041 2340 cylindricis
1068 2286 1177 2328 albis
1213 2286 1323 2328 radii
1351 2285 1558 2327 brevibus
1582 2283 1708 2326 valde
1731 2282 1907 2326 costatis
1933 2284 1976 2323 et

278 2344 568 2387 tuberculatis
610 2345 902 2388 crassioribus
935 2346 1082 2396 calvis,
1111 2345 1217 2386 disci
1259 2345 1434 2398 parcius
1465 2342 1753 2386 tuberculalis
1781 2341 1980 2384 auricula

279 2402 453 2445 interna
477 2406 597 2459 apice
635 2407 834 2447 truncata
859 2404 1287 2447 denticulato-lacera
1321 2402 1497 2445 dimidio
1524 2401 1724 2444 brevIore
1752 2401 1823 2443 vel
1847 2399 1983 2454 aequi-

280 2460 409 2515 longa
436 2465 656 2517 superatis
684 2468 748 2514 Ε).

329 2535 433 2571 Hah.
453 2537 492 2572 in
512 2537 626 2573 cultis
645 2539 683 2573 et
700 2537 751 2573 ad
782 2538 868 2573 vias
897 2537 1021 2583 Syriae
1047 2536 1096 2573 ad
1125 2536 1278 2583 Aleppo
1297 2538 1333 2571 et
1352 2534 1648 2582 Mesopotamiae
1665 2533 1715 2569 ad
1733 2531 1985 2568 Tcharmelik

282 2584 401 2630 atque
419 2584 461 2619 in
478 2585 630 2620 deserto
646 2585 747 2620 inter
761 2585 797 2620 ss.
812 2585 971 2620 Chabur
984 2588 1021 2620 et
1040 2587 1213 2620 montem
1231 2583 1387 2629 SindJar
1403 2581 1628 2629 (Hausskl).

327 2648 471 2684 Caules
486 2649 748 2696 semipedales
768 2651 805 2684 et
831 2649 1040 2693 longiores,
1058 2647 1153 2683 folia
1172 2647 1402 2682 tenuissime
1431 2648 1546 2690 secta,
1572 2643 1747 2690 capitula
1773 2653 1919 2697 magn..
1935 2641 1985 2697 A:

278 2696 468 2741 ezr-vensis,
486 2697 652 2732 achenia
669 2696 767 2732 radii
785 2696 920 2742 ligulae
936 2697 1030 2732 tubo
1050 2696 1265 2730 incrassato
1281 2694 1457 2729 violaceo
1474 2694 1580 2728 arcte
1599 2692 1856 2735 adhaerentia,
1883 2690 1987 2726 disci

282 2744 472 2779 tenuiora.

344 2879 411 2920 70.
448 2878 509 2922 A.
543 2875 998 2922 Sismondaeana
1024 2874 1190 2930 (Clem.
1216 2873 1328 2916 Sert.
1353 2872 1524 2925 Olymp.
1555 2883 1596 2925 p.
1629 2868 1717 2924 61)
1748 2868 1986 2911 subcanes-

283 2949 399 2988 cens,
423 2938 617 2980 caulibus
651 2935 988 2980 ascendentibus
1013 2932 1335 2982 ramosis‚foliis
1358 2930 1508 2985 parvis
1532 2929 1696 2972 ambitu
1719 2927 1916 2980 oblongis
1939 2925 1985 2967 in

282 2996 491 3040 lacinulas
517 2996 711 3039 breviter
734 2995 921 3036 lineares
946 2997 1093 3035 acutas
1121 2993 1398 3034 mucronatas
1433 2986 1793 3043 bipinnatisectis,
1817 2985 1986 3039 pedun-
