2066 3311
81 218 349 257 Podanthum.
752 221 1101 250 CAMPANULACEAE.
1716 206 1787 242 953

83 303 259 345 vissime
283 299 550 355 pedicellatis
571 297 624 340 ad
647 297 818 339 axillam
842 293 1244 338 bracteae-breviter
1265 290 1480 334 subulalae
1506 287 1786 340 fasciculatiS,

81 361 239 416 calycis
281 359 417 412 glabri
461 357 625 400 laciniis
668 353 975 399 crassiusculis
1018 352 1214 395 breviter
1254 346 1786 403 triangulari-lanceolatis

82 420 250 468 obtusis
274 417 378 460 tubo
405 417 589 470 oblongo
618 415 737 470 apice
760 413 994 456 constricto
1022 411 1302 455 brevioribus
1324 408 1482 451 corolla
1510 406 1677 448 minuta
1700 405 1788 459 gla-

83 479 161 521 bra
185 477 371 533 2¹12-p10
392 474 683 526 brevioribus,
705 472 895 526 capsulis
912 471 1060 525 parvis
1084 469 1223 513 ovatis
1249 468 1373 511 valde
1397 466 1573 510 sulcatis
1597 468 1638 507 et
1653 467 1790 507 costa-

82 538 139 581 tis
155 541 407 580 transverse
423 533 643 588 rugulosis
660 532 780 587 poris
795 530 878 574 sub
893 531 1013 585 apice
1029 529 1126 573 sitis
1153 525 1479 571 dehiscentibus
1504 531 1540 573 26
1555 558 1563 565 .
1589 522 1639 566 P.
1668 523 1791 564 limo-

83 595 296 648 ‘nrssfolium
324 594 424 636 Led.
453 593 515 635 Fl.
545 593 670 635 Ross.
700 590 754 643 11,
784 604 820 643 p.
851 591 936 632 873
965 601 1050 632 non
1079 587 1225 631 Sibi-h!

131 677 234 713 Hab.
259 676 307 712 ad
326 675 475 711 radices
495 674 617 710 Tauri
635 672 781 709 Cilicici
799 673 900 708 circa
918 681 1066 719 pagum
1085 669 1217 706 Gulek
1235 669 1394 715 Boghas
1415 667 1516 713 (Bal.
1543 677 1623 702 exs.
1645 665 1721 701 sub
1740 662 1789 699 P.

83 723 379 770 limoniafoliofi,
397 721 707 758 Transcaucasia
729 719 779 755 ad
807 719 905 755 fines
926 719 1111 755 Turcicas
1134 716 1360 762 (Nordml);
1384 715 1602 763 specimina
1621 712 1793 749 florifera

83 771 315 854 gssdffiffift
332 771 464 806 monte
482 767 777 813 Kischichdagh
791 766 988 802 Anatoliae
1004 766 1087 802 bor.
1102 765 1296 810 (Wiedem
1307 765 1332 809 l)
1349 764 1423 799 huc
1441 771 1599 810 quoque
1615 761 1793 807 spectata

130 881 271 917 Planta
289 891 377 916 cum
406 879 513 927 spica
532 879 691 914 tandem
711 876 843 925 pedali
862 876 1108 923 zia-pedalis,
1128 875 1221 911 folia
1250 874 1435 910 inferiora
1461 871 1708 919 bipollicaria
1726 869 1791 905 2-3

82 929 207 965 lineas
226 929 319 972 lata,
338 938 383 963 ca
413 926 510 963 sulae
530 929 643 962 rectae
662 924 864 971 pedicellis
886 924 1132 960 brevissimis
1151 922 1375 958 incrassatis
1395 919 1568 956 suffultae
1588 917 1789 964 magnitu-

83 977 176 1013 dine
195 975 357 1012 seminis
404 974 610 1011 annabeos.
627 972 813 1019 Capsulis
831 972 1009 1008 minimis
1025 971 1127 1006 inter
1143 970 1278 1006 omnia
1296 969 1461 1014 insigne,
1480 966 1587 1003 foliis
1607 965 1788 1011 angustis

82 1023 127 1059 P.
145 1023 392 1106 tengz'folium
410 1021 557 1104 οοΥῘρΠέ,
573 1021 695 1067 duplo
709 1019 900 1065 longiore,
917 1018 1065 1067 calycis
1085 1017 1277 1055 scabridis
1292 1016 1388 1052 tubo
1403 1015 1604 1051 turbinato
1620 1013 1790 1059 aliisque

84 1071 187 1107 notis
235 1071 409 1107 iversum
428 1080 467 1106 re
486 1072 554 1105 ert.

148 1206 214 1247 17.
251 1204 309 1247 P.
347 1203 690 1260 scoparium
725 1202 880 1253 lssoissn
916 1205 958 1244 et
992 1199 1207 1254 Haussk.)
1240 1197 1593 1252 adpressiuscule
1634 1195 1791 1249 pubes-

85 1277 187 1308 cens
210 1279 232 1307 a
257 1264 349 1307 basi
368 1262 693 1306 suffrutescenti
722 1258 1193 1310 multicaule,caulibus
1214 1258 1408 1301 tenuiter
1428 1255 1607 1310 virgatis
1625 1254 1791 1298 foliosis

84 1325 252 1367 inferne
279 1323 427 1366 stricte
452 1323 638 1364 ramosis
661 1321 794 1364 ramis
818 1321 861 1363 in
882 1319 1044 1375 spicam
1068 1319 1210 1360 laxam
1233 1316 1511 1367 abeunt-ibus,
1536 1314 1649 1357 foliis
1671 1325 1790 1356 cras·

85 1384 290 1426 siusculis
323 1386 506 1436 anguste
543 1381 783 1424 linearibus
819 1378 1050 1423 sessilibus
1085 1377 1278 1431 margine
1317 1375 1512 1419 obsolete
1544 1377 1589 1417 et
1626 1376 1791 1416 remote

85 1442 372 1485 tuberculatis
395 1440 622 1483 floralibus
648 1439 938 1489 brevissimis,
964 1437 1148 1480 floribus
1169 1436 1377 1479 solitariis
1407 1433 1638 1478 seSSilibus
1660 1432 1791 1476 dissi-

84 1503 154 1554 tis,
192 1501 349 1556 calycis
391 1500 601 1554 adpresse
641 1499 821 1542 velutini
860 1497 1026 1540 laciniis
1071 1496 1264 1538 breviter
1299 1492 1646 1547 triangularibus
1685 1491 1791 1535 tubo

83 1561 287 1604 obconico
309 1558 677 1613 ,subbrevioribus
706 1558 866 1600 corolla
887 1557 1100 1612 adpresse
1124 1559 1167 1598 et
1193 1559 1439 1597 retrorsum
1465 1553 1633 1595 hirsuta
1658 1551 1790 1605 triplo

83 1619 376 1671 brevioribus,
404 1619 581 1672 capsula
609 1616 1157 1671 turbinato-campanulata
1192 1621 1252 1662 26.

130 1693 230 1728 Hah.
250 1693 291 1728 in
315 1692 469 1728 fissuris
498 1702 541 1727 ru
574 1691 655 1726 inm
675 1690 941 1727 calcarearum
960 1689 1107 1725 montis
1127 1686 1478 1735 Hagifadmadagh
1502 1686 1602 1722 inter
1624 1685 1792 1722 Malatia

83 1743 120 1777 et
137 1740 292 1787 Karput
309 1739 509 1775 Cataoniae
529 1740 543 1784 (
585 1738 749 1780 ausskl).
770 1738 826 1774 Fl.
848 1740 947 1783 Aug.

130 1804 207 1839 Vix
234 1803 385 1851 pedale,
413 1802 543 1839 caules
570 1805 608 1838 et
636 1802 738 1838 rami
768 1800 930 1848 rigiduli
961 1800 1028 1836 sed
1058 1803 1214 1846 tenues,
1248 1799 1342 1835 tolia
1369 1798 1554 1834 inferiora
1587 1795 1794 1844 pollicaria.

84 1851 230 1887 lineam
254 1850 317 1886 vel
346 1849 625 1896 sesquilineam
654 1849 785 1895 longa,
811 1849 928 1895 spicae
950 1848 1014 1885 2-3
1040 1847 1201 1895 pollices
1228 1846 1372 1892 longae,
1391 1846 1507 1882 flores
1535 1844 1648 1927 parvi
1675 1843 1745 1878 vix
1770 1842 1794 1879 3

83 1898 209 1934 lineas
227 1899 347 1944 longi,
366 1897 528 1944 capsula
548 1898 658 1943 cujus
679 1896 963 1932 dehiscentiam
985 1905 1062 1931 non
1082 1895 1164 1930 vidi
1182 1904 1271 1930 cum
1294 1894 1479 1930 dentibus
1498 1903 1542 1928 ca
1561 1892 1686 1937 ycinis
1706 1891 1791 1926 bre-

85 1946 260 1982 vissimis
274 1946 298 1982 2
311 1945 435 1981 lineas
452 1945 582 1991 longa.
599 1940 723 1980 Affine
737 1944 781 1980 P.
799 1942 976 1988 lz'nz'folio,
991 1942 1108 1978 valde
1124 1942 1354 1977 distinctum
1379 1941 1544 1977 fioribus
1570 1938 1790 1982 sessilibus‚

83 1993 237 2048 laciniis
255 1993 442 2076 epalycgnlis
463 1991 762 2076 {revibuaetm
780 1990 928 2027 eisdem
947 1991 1062 2035 notis,
1081 1989 1263 2025 caulibus
1284 1989 1449 2032 foliosis,
1468 1988 1574 2023 foliis
1593 1986 1791 2032 angustis-

85 2050 197 2077 smns
216 2050 239 2076 a
295 2069 300 2075 .
335 2050 357 2077 o
383 2049 467 2076 ezoz
499 2049 528 2076 e.

147 2173 213 2214 18.
248 2170 304 2213 P.
337 2169 687 2214 lobelioides
716 2169 885 2223 (Willd.
906 2170 1030 2223 Pliyt.
1054 2169 1088 2221 I,
1106 2169 1162 2212 N⁰
1184 2171 1254 2223 020,
1271 2169 1355 2213 tab.
1375 2171 1414 2218 4,
1435 2169 1502 2222 fig.
1529 2169 1553 2210 Ξ
1577 2167 1659 2211 sub
1677 2166 1795 2220 Phy-

84 2232 269 2274 teumatc
287 2230 513 2284 nonAlph.
539 2230 640 2286 nc.)
670 2229 863 2272 breviter
874 2229 1120 2285 pubescens
1134 2229 1201 2272 vel
1215 2228 1640 2283 glabrum,caiilibus
1653 2226 1795 2270 tenui-

83 2291 166 2334 bus
192 2288 368 2342 virgatis
396 2289 563 2332 inferne
589 2292 756 2334 tantum
787 2292 838 2344 et
855 2300 982 2343 parce
1016 2288 1182 2331 foliosis
1210 2288 1481 2344 simplicibus
1512 2288 1576 2329 vel
1607 2286 1793 2328 ramosis

84 2350 129 2392 in
168 2360 362 2392 racemos
398 2349 519 2391 laxos
559 2351 714 2391 tenues
753 2347 1027 2403 spiciformes
1064 2347 1341 2399 abeuntibus,
1379 2347 1492 2390 foliis
1528 2344 1793 2389 radicalibus

83 2411 266 2461 anguste
284 2407 536 2451 lanceolatis
554 2408 698 2450 rarius
717 2407 917 2460 oblongis
934 2407 1144 2462 utrinque
1160 2407 1398 2450 attenuatis
1416 2404 1634 2461 petiolalis
1652 2403 1791 2447 acutis

85 2465 492 2520 repando-dentatis
515 2477 629 2520 saepe
656 2466 891 2515 undulatis,
918 2466 1103 2509 caulinis
1130 2467 1278 2520 paucis
1316 2464 1626 2519 augustissime
1654 2462 1792 2505 lir‘iea-

85 2526 224 2577 ribus,
251 2524 434 2567 ssoribus
460 2525 514 2569 ad
540 2525 725 2568 bracteae
751 2525 966 2569 subulatae
990 2526 1139 2568 brevis
1164 2525 1338 2568 axillam
1368 2523 1574 2567 solitariis
1601 2523 1666 2564 vcl
1697 2522 1794 2563 9-3-

86 2585 155 2627 nis
181 2584 317 2626 altero
344 2584 497 2627 saltem
522 2584 793 2639 pedicellat0‚
821 2584 978 2639 calycis
1005 2584 1146 2637 glabri
1174 2585 1240 2627 vel
1270 2584 1466 2638 asperuli
1495 2581 1660 2625 laciniis
1689 2581 1792 2623 tubo

87 2643 270 2696 oblongo
284 2643 452 2685 inferne
468 2647 697 2696 angustato
711 2643 1073 2687 subbrevioribus
1089 2644 1248 2687 corolla
1265 2642 1481 2696 subtriplo
1495 2639 1789 2688 brevioribus,

89 2702 269 2756 capsula
294 2702 629 2756 ovato-oblonga
655 2702 775 2756 poris
809 2714 944 2757 prope
975 2704 1140 2756 apicem
1168 2703 1264 2746 sitis
1298 2702 1549 2755 dehiscente
1584 2705 1642 2747 26.
1677 2697 1794 2752 Phy-

88 2764 233 2803 teuma
259 2759 549 2802 lanceolatmn
575 2761 693 2804 Desf.
727 2759 822 2804 Cor.
861 2762 1025 2805 Tourn.
1059 2774 1098 2816 p.
1138 2763 1206 2812 34,
1234 2762 1318 2805 tab.
1356 2761 1411 2803 2³24
1448 2773 1534 2803 non
1561 2758 1709 2801 Willd.
1738 2782 1794 2788 —

88 2819 217 2883 Pam.
242 2818 532 2872 stylidz'oides,
556 2819 898 2870 P.Jestal0zzae
931 2825 974 2864 et
1004 2820 1051 2862 P.
1076 2820 1243 2873 gracile
1269 2820 1408 2863 Boiss.
1444 2820 1596 2872 Diagn.
1630 2817 1723 2861 Ser.
1759 2818 1789 2870 l,

92 2880 158 2925 11,
183 2892 224 2933 p.
251 2879 303 2919 73
328 2882 371 2922 et
395 2878 461 2920 74.
483 2901 535 2908 --
556 2878 698 2931 Camp.
731 2878 1017 2922 Willdenowii
1040 2879 1180 2922 Boiss.
1202 2880 1352 2932 Diagn.
1375 2879 1467 2922 Ser.
1488 2879 1542 2930 11,
1569 2879 1609 2928 3,
1630 2891 1670 2932 p.
1694 2879 1788 2921 117.

135 2951 236 2987 Hah.
257 2951 297 2986 in
316 2951 469 2987 saxosis
491 2954 528 2987 et
546 2952 784 2997 graminosis
804 2952 937 2994 aridis,
955 2953 1145 2989 Armenia
1162 2952 1327 2988 Turcica
1345 2952 1534 2997 (Tournl)
1555 2962 1675 2999 prope
1694 2951 1790 2987 Tor-

86 2999 171 3034 tum
195 2998 363 3044 (Huetl),
384 2998 724 3035 Gnmuschkhane
742 2999 940 3046 (Boni-gl),
963 3000 1005 3035 in
1032 3004 1165 3037 monte
1193 3000 1367 3046 Alidagh
1395 2999 1654 3047 Cappadociae
1681 2998 1789 3039 4500’
