2126 3246
172 199 443 237 Valerianella.
871 210 1155 237 VALERIANEAE.
1797 201 1865 236 101

161 279 201 315 C.
235 280 371 325 Koch),
403 280 564 315 ditionis
594 279 766 326 Talysch
798 279 909 324 (CA.
940 280 1048 326 Meyl
1082 280 1272 325 Hohen!)‚
1303 280 1447 315 Persiae
1477 289 1586 325 prov.
1621 278 1862 324 Aderhidjan

160 327 316 371 (Szov.).
335 327 360 362 S
374 328 557 363 iecimina
575 338 622 362 ex
640 327 732 362 Jezd
751 337 775 362 a
802 327 847 362 cl.
864 327 996 363 Buhse
1014 327 1113 362 lecta
1131 329 1168 362 et
1187 327 1262 364 hnc
1279 328 1394 362 citata
1416 327 1534 362 nimis
1549 327 1745 372 Juvenilia
1762 327 1863 361 inter

160 373 262 410 hanc
280 377 316 409 et
376 403 382 409 .
398 374 602 411 Persicam
617 373 737 410 dubia
756 375 856 409 sunt.

206 437 355 473 Similis
386 435 421 471 V.
442 436 727 484 eymboecarpoe
753 436 821 472 sed
846 436 994 471 limbus
1023 436 1225 481 calycinus
1250 436 1390 472 lacinia
1416 436 1536 482 longa
1563 445 1642 471 non
1670 438 1807 470 auctus
1826 436 1863 470 et

160 483 280 520 loculi
300 484 452 520 steriles
475 484 736 530 angustiores.

224 600 288 641 102.
321 598 381 641 V.
410 597 784 641 Szovitsiana
816 597 880 650 (F.
921 600 963 639 et
1002 597 1054 638 M.
1098 597 1190 638 [nd.
1231 598 1293 639 ΙΙΙ
1331 598 1504 651 Petrop.
1548 610 1588 650 p.
1626 596 1702 645 48)
1740 597 1861 638 caulo

161 658 402 701 dichotorno
437 656 631 698 brevit—cr
654 656 871 710 bispidulo
900 657 969 698 vel
996 656 1298 710 glabrescenti‚
1337 656 1446 699 foliis
1479 656 1642 708 glabris
1669 656 1861 709 glauces-

159 717 358 760 centibus
415 715 906 767 oblongo-linearibus,
950 715 1166 758 fructibus
1210 715 1535 769 homomorphis
1583 715 1860 757 dichotoniia-

158 788 257 820 rum
277 774 498 824 solitariis,
518 774 822 816 terminalibus
840 774 885 814 in
904 786 1051 825 cymas
1072 773 1228 817 breves
1245 774 1459 817 secundas
1478 775 1683 817 consertis
1701 774 1862 827 glabris

157 836 227 878 vel
246 833 477 887 bispidnlis
503 832 658 875 albidis
678 832 874 886 oblongis
896 833 962 874 vel
988 833 1340 887 ovato-oblongis
1364 834 1502 875 antiee
1527 833 1691 875 sovcola
1716 837 1862 874 ovato-

157 894 341 945 oblonga
365 892 556 945 sulcatis,
580 892 736 944 calycis
760 891 892 933 limbo
921 891 1096 945 obliquo
1122 892 1379 935 brevissime
1404 892 1607 934 tubuloso
1632 892 1860 934 auricula)-

155 952 282 996 formi
324 952 548 993 reticulato
594 951 750 993 lacinia
795 951 964 992 laterali
1012 951 1168 993 lineari
1212 951 1542 993 horizontaliter
1589 951 1861 993 snbrecnrva

156 1012 324 1064 integra
346 1010 415 1052 vel
450 1010 570 1065 apice
608 1009 871 1052 denticulata
911 1010 1100 1063 capsulae
1125 1011 1355 1065 aquilonga
1394 1010 1463 1053 vel
1500 1010 1695 1062 longiore
1721 1013 1859 1060 aucto,

156 1070 312 1113 lacinia
339 1068 576 1112 accessoria
598 1070 737 1112 multo
777 1067 970 1110 breviori
1009 1070 1229 1112 interdum
1271 1069 1413 1122 obvia,
1444 1069 1597 1112 loculis
1636 1069 1862 1111 sterilibus

155 1129 287 1171 fertili
310 1129 447 1171 multo
484 1128 724 1181 maj0ribus
756 1131 803 1178 Θ
831 1128 886 1170 lc.
925 1128 1045 1170 Krok
1078 1128 1161 1170 tab.
1193 1129 1258 1182 11,
1295 1129 1363 1181 fig.
1394 1129 1457 1169 17.
1501 1152 1552 1157 —
1604 1129 1641 1170 V.
1668 1126 1862 1170 Acceleeri

157 1187 293 1231 Boiss.
318 1187 468 1240 Diagn.
496 1186 588 1229 Ser.
615 1186 647 1241 Ι,
673 1188 712 1239 3,
737 1200 778 1242 p.
809 1188 876 1229 58.

203 1260 304 1296 Hah.
325 1261 424 1296 inter
441 1263 592 1305 segetes
611 1263 648 1295 et
668 1259 708 1295 in
726 1260 918 1307 lapidosis
946 1261 1086 1307 apricis
1106 1260 1365 1307 Cappadocia:
1388 1271 1510 1306 snpra
1528 1260 1694 1295 Talasse
1725 1260 1859 1305 (Bali),

154 1306 278 1353 Syriae
296 1308 346 1343 ad
368 1307 519 1354 Aleppo
538 1307 716 1352 (Haussk
726 1309 762 1352 1),
783 1308 940 1343 Arabiae
961 1309 1103 1343 Petreae
1123 1308 1311 1354 (Sebimp.
1329 1308 1444 1353 4511),
1466 1308 1664 1344 Armeniae
1685 1307 1858 1342 Rossicce

154 1354 313 1399 (Szovl)‚
331 1355 474 1390 Persia}
489 1355 571 1390 bor.
590 1355 629 1389 in
646 1365 753 1401 prov.
771 1355 1011 1401 Aderhidjan
1030 1355 1163 1400 (Szovl
1183 1355 1294 1391 Auch
1325 1355 1469 1400 46845),
1485 1356 1533 1390 ad
1549 1356 1697 1390 radices
1713 1355 1861 1390 montis

153 1401 298 1437 Elbrus
317 1404 355 1437 et
372 1403 411 1436 in
430 1402 604 1437 arenosis
624 1412 743 1448 prope
761 1402 940 1438 Teheran
959 1403 1050 1448 (Ky.
1069 1413 1147 1438 exs
1165 1402 1246 1447 916,
1265 1403 1328 1439 201
1349 1402 1424 1438 sub
1457 1402 1491 1437 V.
1508 1400 1701 1447 Per-sicci),
1715 1402 1859 1437 Persiae

153 1449 339 1485 australis
357 1449 407 1484 ad
433 1449 589 1484 Schiras
614 1450 706 1495 (ΚΥ.
729 1449 844 1496 9651),
864 1450 1066 1486 orientalis
1092 1450 1142 1485 ad
1160 1450 1253 1486 Jezd
1272 1453 1309 1486 et
1336 1450 1508 1485 Kerman
1530 1449 1703 1495 (Buhsel
1728 1450 1858 1495 Bgel),

153 1496 192 1532 in
207 1496 422 1542 Affghania
434 1497 596 1541 (Griffx).

218 1619 283 1660 13.
310 1618 370 1661 V.
400 1618 613 1674 Huetii‚
643 1619 820 1672 pumila,
846 1621 967 1662 caulo
991 1619 1282 1662 crassinscnlo
1322 1620 1563 1662 (ilchotomo
1587 1620 1858 1673 corymboso,

150 1677 264 1720 foliis
282 1677 588 1730 glabriuseulis
616 1678 868 1731 majusculis
895 1679 1177 1721 inferioribus
1199 1679 1396 1732 oblongis
1429 1679 1626 1731 integris,
1650 1679 1856 1720 interme-

154 1737 235 1779 diis
263 1736 491 1778 sessilibns
518 1737 609 1778 basi
637 1737 977 1791 pinnatilobatis‚
1010 1737 1146 1791 cymis
1175 1737 1424 1789 laxissimis,
1460 1738 1672 1779 fructibus
1715 1750 1859 1790 eyma-

151 1808 250 1837 rnni
274 1795 453 1837 minutis
491 1795 948 1850 oblongo-cylindricis
997 1796 1192 1839 incurvis
1237 1797 1366 1839 dorso
1405 1797 1530 1839 hirtis
1569 1796 1709 1838 antice
1737 1796 1856 1838 sulco

151 1854 366 1909 profundo
410 1854 493 1896 late
533 1854 686 1897 lineari
727 1855 966 1905 instructis,
1022 1856 1381 1898 dichotomiarum
1424 1856 1680 1898 inferiorum
1728 1855 1855 1907 triplo

150 1913 388 1966 maj0ribus
412 1913 606 1967 fungosis
640 1914 836 1966 oblongis
862 1914 1002 1967 gibbis
1044 1915 1162 1967 apice
1193 1916 1427 1957 attenuatis
1454 1915 1645 1956 obsoleto
1678 1914 1856 1956 sulcatis

149 1972 385 2025 rugulosiS.
413 1972 570 2025 calycis
591 1972 719 2015 limbo
742 1973 917 2028 obliquo
936 1973 1196 2016 brevissime
1214 1973 1417 2017 tnbiiloso
1436 1974 1478 2015 in
1506 1973 1703 2016 laciniam
1722 1974 1855 2014 linea-

148 2043 242 2073 rem
269 2033 654 2083 ereeto-patentem
679 2033 857 2085 capsula
883 2032 1133 2074 breviorem
1156 2036 1198 2075 et
1222 2034 1266 2075 in
1294 2033 1508 2075 fructibus
1535 2032 1731 2086 fungosis
1760 2032 1856 2074 bre-

148 2089 372 2132 vissimam
393 2090 583 2141 abeunti,
606 2090 760 2133 loculis
786 2091 1011 2134 sterilibus
1035 2091 1166 2134 fertili
1194 2092 1419 2135 latioribus
1444 2095 1485 2134 ct
1507 2092 1551 2134 in
1588 2093 1731 2134 fructu
1759 2092 1855 2133 sun-

147 2160 250 2200 goso
274 2148 598 2200 angustioribus
629 2153 694 2200 Θ.

193 2222 296 2258 Hah.
313 2223 413 2258 circa
430 2222 616 2259 Erzerum
634 2224 832 2260 Armeniae
849 2225 1023 2271 (Huetl).

192 2285 259 2321 Tri
289 2285 471 2330 ollicariS‚
506 2286 601 2322 folia
631 2287 863 2323 intermedia
883 2289 1066 2334 pollicem
1085 2293 1122 2326 et
1148 2290 1320 2336 amplius
1347 2289 1480 2335 longa,
1514 2291 1661 2326 fructus
1691 2291 1852 2337 fungosi

146 2341 234 2367 cun]
281 2335 367 2368 ente
378 2336 463 2387 ,¹r‘3‘3
478 2332 602 2370 lineas
621 2334 729 2388 long-i
748 2335 836 2371 basi
858 2335 977 2372 diam.
1005 2336 1110 2373 linea
1141 2338 1307 2381 latiores,
1329 2338 1549 2384 superiores
1571 2338 1639 2372 vix
1671 2339 1851 2384 sesqnili-

147 2388 266 2461 ἓξὲξ
280 2380 389 2425 longl
407 2390 462 2415 els
489 2379 524 2415 V.
543 2381 801 2419 Szovztszanae
818 2383 1077 2429 angustiores,
1095 2384 1147 2419 ab
1164 2388 1210 2420 ea
1229 2385 1420 2420 fructibus
1442 2385 1755 2431 heteromorphis
1773 2386 1849 2421 dis-

210 2550 274 2590 14.
301 2549 365 2591 V.
401 2549 641 2593 Persica
678 2550 838 2605 (Boiss.
877 2551 1029 2605 Diagn.
1065 2551 1157 2596 Ser.
1184 2553 1216 2607 Ι,
1239 2554 1278 2605 3,
1304 2567 1345 2608 p.
1380 2553 1455 2608 58)
1481 2554 1657 2607 pnmssa,
1682 2556 1851 2598 brevis-

145 2607 253 2650 sime
285 2609 738 2663 velutino-pruinosa.
774 2611 896 2654 caule
932 2611 1174 2655 dichotomo
1213 2613 1484 2665 corymboso,
1511 2613 1623 2655 foliis
1647 2614 1851 2667 oblongo-

147 2664 383 2710 linearibus
432 2667 628 2722 integris,
676 2669 813 2723 cymis
857 2669 1106 2724 laxissimis‚
1143 2671 1356 2714 fructibus
1399 2673 1622 2726 pruinosis
1655 2673 1851 2716 breviter

145 2724 599 2780 oblongo-cylindrieis
624 2728 764 2770 antioc
791 2729 910 2771 sulco
933 2729 1291 2783 oblongo-lineari
1319 2743 1473 2785 parum
1512 2732 1728 2786 profundo
1756 2745 1850 2774 exa-

143 2783 264 2837 ratis,
290 2784 570 2828 inferioribus
595 2785 952 2830 dichotomiaruin
981 2788 1113 2831 limbo
1148 2789 1339 2843 calycino
1362 2790 1624 2832 brevissimo
1646 2791 1850 2833 auriculi-

143 2841 271 2884 formi
296 2844 457 2886 mutieo
484 2845 717 2898 superatis,
742 2847 1022 2900 superiorum
1050 2847 1181 2890 limbo
1205 2848 1356 2890 lacinia
1386 2849 1553 2891 laterali
1590 2849 1849 2892 horizontali

146 2901 322 2954 capsula
345 2902 633 2946 subbreviore
659 2907 801 2957 aucto,
823 2905 979 2948 loculis
1006 2906 1231 2949 sterilibus
1254 2907 1384 2950 fertili
1413 2908 1641 2951 latioribus
1669 2912 1733 2958 Ε).

190 2972 293 3010 Hab.
310 2974 352 3010 in
368 2975 499 3013 Persia
519 2977 568 3013 ad
587 2977 757 3025 Ispahan
784 2979 927 3023 (Auch.
947 2979 1040 3015 4687
1053 2981 1088 3026 l).
