2066 3296
116 242 354 290 Pseplzellus.
848 252 1092 278 COMPos1TAE.
1751 253 1817 289 611

116 329 220 370 bose
248 325 557 380 polycephalis,
583 325 695 367 foliis
722 325 939 367 obovatim
969 324 1421 378 oblongo-lanceolatis
1450 331 1586 373 acutis
1610 332 1652 373 in
1681 335 1817 386 petio—

117 387 205 429 lum
231 386 409 427 brevem
439 385 563 438 longe
588 384 829 436 angustatis
854 383 1056 425 indivisis
1085 386 1151 425 vel
1178 385 1268 426 basi
1299 387 1463 429 minute
1495 390 1817 442 1-02-pinnatilo-

117 445 239 496 batis,
261 444 443 486 summis
464 444 611 495 parvis
634 442 886 492 linearibus,
906 442 1105 495 capitulis
1129 445 1274 495 parvis
1295 446 1432 487 ovatis
1451 448 1642 489 tenuiter
1660 450 1819 502 pedun-

118 503 286 554 culatis,
322 502 536 544 involucri
570 501 730 556 phyllis
763 501 972 543 brevibus
1004 503 1239 554 appendice
1268 508 1507 557 papyracea
1540 507 1697 549 flaviua
1723 510 1818 551 laxa

117 562 334 616 puberula
372 562 456 603 late
490 560 932 613 oblongo-lanceolata
968 559 1182 603 fimbriata
1222 563 1455 615 superatis.
1494 565 1676 608 fimbriis
1706 580 1818 610 areae-

115 621 344 663 latitudine
372 619 503 672 duplo
527 619 819 671 brevioribus,
844 618 1036 661 flosculis
1065 620 1222 672 pallide
1249 621 1386 663 roseis
1415 634 1497 663 non
1527 624 1813 677 radiantibus

116 680 292 722 achenio
316 682 441 721 ovato
466 690 731 732 compresso,
755 678 882 731 pappi
908 678 1043 730 paleis
1070 679 1340 722 brevissimis
1365 680 1476 723 lente
1504 687 1667 725 tantum
1695 697 1818 727 cons-

115 739 255 792 picuis
290 744 347 785 24.
374 736 616 778 Amberboa
637 736 986 789 oeantlzoceplzala
1008 750 1086 779 0.(1.
1110 738 1263 779 Prodr.
1287 738 1357 780 Vl.
1383 752 1421 792 p.
1448 742 1545 781 561.

114 811 266 904 (SHab).
289 812 340 894 ilpl
357 811 548 893 lffpidosis
566 811 708 847 deserti
736 811 831 846 salsi
850 811 899 845 ad
931 812 1066 846 urbem
1090 812 1404 848 Nackitscbevan
1424 815 1620 851 Armeniae
1646 817 1815 853 Rossicae

159 869 229 894 zov
269 887 275 893 .
345 888 351 893 .
396 869 457 894 un.

160 914 316 950 Pedalis
346 918 383 950 et
412 913 709 960 sesquipedalis,
738 913 832 948 folia
860 914 919 948 1-1
949 914 1213 961 ‘sa-pollicaria
1243 915 1266 950 3
1291 915 1356 950 lin.
1385 916 1474 951 lata.
1504 918 1673 963 capitula
1703 919 1816 954 facile¹

115 961 279 997 decidua
298 972 507 997 numerosa
524 962 611 1007 piso
631 960 751 1006 duplo
771 961 919 1004 majora
936 962 1221 1007 appendicibus
1241 962 1341 997 laxis
1362 964 1816 1009 subsquarrosis,floscu-

114 1007 325 1101 stspgpgucis
353 1009 538 1044 omnibus
567 1007 907 1054 hermaphroditis,
928 1009 1092 1044 achenia
1117 1019 1188 1055 pro
1219 1009 1363 1055 plantae
1391 1021 1522 1056 magn.
1546 1023 1689 1059 magna
1705 1013 1814 1049 21111.

179 1175 243 1215 10.
279 1173 334 1215 Ρ.
370 1173 785 1215 Aucherianus
819 1172 917 1226 (11.0.
954 1173 1108 1214 Prodr.
1144 1172 1214 1215 VI.
1248 1186 1287 1226 p.
1326 1175 1409 1215 576
1443 1175 1524 1215 sub
1559 1175 1816 1220 Centaurea)

115 1233 323 1286 adpresse
348 1233 842 1280 ssoccoso·tomeniosus,
869 1232 1106 1273 rbizomate
1125 1232 1329 1275 indurato
1354 1232 1596 1286 phuricaufi,
1623 1235 1818 1277 caulibus

113 1292 322 1334 tenuibus
351 1291 550 1344 rigiduiis
574 1301 702 1343 parce
728 1292 771 1331 et
797 1291 1038 1334 dicbotonie
1061 1291 1260 1342 ramosis,
1285 1291 1396 1333 foliis
1418 1292 1461 1333 in
1486 1292 1693 1345 petiolum
1719 1295 1816 1336 bre-

115 1362 209 1392 vem
239 1351 471 1393 attenuatis
498 1348 695 1402 oblongis
724 1349 904 1404 integris
935 1350 1000 1391 vel
1029 1350 1303 1392 denticulatis
1331 1350 1531 1393 indivisis
1558 1352 1627 1393 vel
1653 1352 1810 1396 inciso-

113 1409 398 1464 pinnatifidis,
429 1407 734 1462 superioribus
770 1412 953 1463 anguste
985 1409 1240 1451 linearibus.
1268 1409 1466 1462 capitulis
1498 1411 1645 1463 parvis
1672 1416 1818 1454 ovato-

113 1469 308 1521 oblongis
342 1468 611 1522 longiuscule
645 1466 964 1521 pedunculatis‚
986 1468 1203 1510 involucri
1236 1468 1395 1522 phyllis
1428 1470 1663 1522 appendice
1687 1483 1819 1524 papy-

113 1527 454 1570 raceo-scariosa
488 1527 648 1569 flavida
682 1525 847 1570 minute
882 1526 1098 1582 puberula
1134 1527 1431 1570 subcucullata
1463 1528 1817 1571 rhombeo-ovata

117 1586 332 1628 fimbriat-a
352 1587 584 1640 superatis,
599 1586 783 1629 fimbriis
801 1585 1159 1630 latitudineareae
1175 1586 1306 1640 duplo
1320 1586 1612 1637 brevioribus,
1624 1587 1817 1631 flosculis

113 1646 253 1687 roseis
290 1657 373 1687 non
413 1645 699 1698 radiantibus,
732 1658 872 1700 pappo
908 1644 1083 1687 achenio
1121 1644 1338 1698 subduplo
1375 1644 1573 1688 breviore
1611 1652 1668 1693 36.
1698 1646 1813 1688 Ceut.

113 1704 346 1757 cuspidem
380 1704 514 1746 Aucii.
548 1717 636 1748 exs.
672 1718 759 1748 non
786 1705 953 1747 Visian.
985 1727 1039 1734 -
1068 1703 1373 1756 Plisoeopappus
1411 1704 1626 1746 aristatas
1660 1712 1700 1747 et
1738 1705 1814 1747 Ph.

112 1762 464 1815 microceplzalus
490 1764 616 1806 Jaub.
645 1770 687 1807 et
715 1764 785 1818 Sp.
812 1765 978 1807 Illustr.
1007 1762 1090 1804 tab.
1123 1764 1205 1804 213
1230 1767 1273 1805 et
1301 1764 1398 1804 212.

160 1835 258 1870 Hab.
279 1836 320 1870 in
339 1835 586 1883 Cappadocia
602 1837 652 1872 ad
668 1837 908 1884 Euphratem
928 1836 1067 1881 (Auch.
1088 1836 1224 1880 31141).

159 1900 302 1936 Cauies
321 1901 478 1947 pedales
500 1902 563 1937 vel
582 1901 793 1938 breviores.
813 1901 927 1937 Folia
945 1902 1095 1945 majora
1116 1911 1205 1936 cum
1230 1900 1375 1947 petiolo
1400 1899 1656 1946 bipollicaria,
1676 1901 1814 1947 phylla

113 1948 296 1983 inferiora
314 1949 511 1984 interdum
527 1948 577 1984 ob
592 1949 828 1996 appendices
842 1950 917 1984 cito
933 1948 1117 1984 deciduos
1132 1948 1254 1994 calva:
1270 1947 1514 1994 Appendices
1529 1948 1584 1982 eis
1599 1949 1813 1994 specierum

112 1995 415 2041 praecedentium
448 1996 617 2032 minores
653 1996 935 2043 sesquilineam
974 1995 1103 2040 longae
1139 1995 1304 2030 fimbriis
1338 1996 1518 2040 utrinque
1549 1994 1622 2029 7-9.
1656 1996 1812 2041 Pappus

113 2046 290 2077 maturus
320 2053 400 2078 non
428 2045 556 2086 notus,
575 2054 627 2078 an
645 2044 861 2079 deciduus?
880 2044 983 2078 [nter
1000 2041 1251 2089 Phwopccppz'
1274 2042 1420 2087 species
1448 2041 1752 2088 microcephalas
1781 2045 1814 2077 et

115 2088 365 2136 Psephellum
383 2090 471 2125 ideo
491 2090 730 2134 subdubius,
745 2090 838 2126 huic
856 2092 989 2125 tamen
1009 2089 1104 2124 facie
1127 2090 1254 2134 magis
1276 2089 1416 2123 affinis.

180 2207 238 2247 11.
266 2205 321 2248 P.
354 2205 764 2261 leptophyllus
789 2206 852 2261 [C.
879 2205 996 2247 Koch
1022 2203 1144 2245 Linn.
1170 2203 1326 2252 XXIV,
1351 2216 1389 2255 p.
1417 2204 1500 2243 419
1525 2202 1605 2244 sub
1631 2202 1812 2244 Centau-

112 2263 197 2315 rio)
224 2265 550 2308 scabriusculus
578 2266 730 2308 viridis
745 2264 1017 2319 pluricaulis,
1046 2262 1240 2304 caulibus
1265 2262 1433 2302 inferne
1455 2261 1651 2310 ramosis,
1682 2261 1811 2301 ramis

111 2324 302 2366 tenuiter
336 2324 515 2377 virgatis
550 2325 760 2377 elongatis
798 2323 962 2367 foliosis
1000 2321 1335 2375 monocephalis,
1371 2320 1481 2362 foliis
1521 2319 1810 2370 rigidiusculis

110 2382 336 2425 trinerviis
378 2384 578 2426 elevatim
618 2383 840 2426 venulosis
880 2379 1128 2427 sessilibus*
1148 2383 1330 2432 anguste
1372 2377 1811 2431 oblongo-linearibus

115 2440 441 2497 linearibusque
479 2442 618 2485 acutis
653 2444 836 2496 integris
876 2440 1058 2485 summis
1095 2439 1258 2482 sensim
1294 2436 1574 2483 abbreviatis,
1612 2436 1812 2489 capitulis

113 2500 404 2544 mediocribus
427 2502 581 2555 ovatis,
607 2502 822 2544 involucri
850 2498 1008 2556 phyllis
1036 2498 1208 2541 flavidis
1235 2497 1437 2539 coriaceis
1465 2495 1811 2548 adpressissimis

112 2557 164 2600 ab
188 2559 350 2602 infimis
376 2561 564 2603 minimIS
588 2560 931 2614 triangularibus
958 2560 1011 2601 ad
1034 2558 1261 2611 superiora
1285 2556 1468 2608 oblonga
1491 2555 1627 2596 auctis
1653 2564 1813 2618 appen-

113 2617 204 2659 dice
233 2619 475 2672 spiniformi
503 2620 707 2662 subulata
736 2618 1049 2673 erecto-patula
1076 2617 1139 2658 eis
1166 2616 1297 2670 triplo
1332 2614 1530 2656 breviore
1556 2612 1598 2654 in
1627 2617 1812 2654 exterio-

113 2676 235 2719 ribus
258 2678 341 2720 cito
374 2678 555 2721 decidua
576 2680 620 2721 in
646 2678 918 2721 intermediis
942 2677 1032 2719 basi
1057 2675 1241 2718 obscure
1265 2677 1307 2717 et
1329 2673 1522 2715 breviter
1544 2671 1812 2713 ciliato-den-

113 2734 287 2779 ticulata
306 2738 539 2792 superatis,
562 2737 720 2791 phyllis
743 2737 908 2780 intimis
933 2734 1170 2790 appendice
1193 2733 1382 2776 scariosa
1400 2731 1643 2784 spatliulata
1668 2730 1813 2772 subla-

114 2796 225 2846 cera‚
243 2795 435 2839 flosculis
455 2796 586 2839 luteis
603 2809 690 2839 non
710 2796 997 2845 radiantibus,
1018 2793 1208 2836 acheniis
1227 2791 1375 2833 nitidis
1395 2801 1534 2844 pappo
1552 2789 1811 2831 brevissimo

113 2852 250 2905 fugaci
280 2860 338 2900 26.

161 2918 261 2954 Hab.
280 2920 321 2954 in
338 2919 508 2966 Alpibus
526 2920 675 2957 Lazicis
695 2920 952 2957 orientalibus
972 2920 1011 2955 in
1030 2918 1208 2953 districtu
1226 2915 1437 2952 Pertakrek
1456 2913 1560 2950 GOUO‘
1579 2914 1636 2958 (C.
1660 2911 1815 2952 Kocht).

161 2974 305 3011 Caules
324 2975 492 3022 pedales,
509 2977 604 3012 folia
621 2977 808 3013 inferiora
826 2980 863 3012 et
879 2975 1112 3012 intermedia
1129 2974 1188 3008 1-1
1214 2972 1478 3018 ¹,s2-pollicaria
1497 2971 1557 3006 1-2
1574 2970 1700 3005 lineas
1720 2969 1815 3009 lata.

114 3022 286 3067 capitula
304 3032 434 3068 magn.
455 3022 493 3059 (ἶ.
512 3023 652 3060 Jaceae.
