2071 3241
106 252 338 289 Artemis-za.
832 259 1079 286 composrrAE.
1738 248 1811 285 373

154 332 253 367 Hah.
288 332 328 366 in
359 331 604 378 rupestribus
633 333 671 367 et
703 331 891 366 fruticetis
928 329 1082 365 saxosis
1118 329 1339 373 maritimis,
1373 329 1597 374 Zacynthus
1632 329 1811 375 (Margi),

107 379 267 415 Rhodus
286 379 332 422 (A
341 378 425 414 uch.
443 378 545 414 3473!
567 378 749 423 Bourgl)‚
768 377 905 412 Cilicia
924 377 1110 412 littoralis
1131 376 1377 422 (Ky12856),
1398 376 1600 412 Palestina
1618 377 1657 411 in
1676 380 1809 413 monte

107 425 259 462 Carmel
278 425 454 469 (Boissl).
472 425 529 460 Fl.
551 425 643 460 Mai.
729 425 736 436 '

152 490 215 525 Ar.
236 489 366 533 Geoqr.
395 488 599 535 Hispania,
616 487 749 523 Gallia
771 487 968 532 australis,
991 487 1148 522 Corsica
1171 490 1208 522 et
1226 486 1420 533 Sardinia,
1436 487 1547 523 Italia
1566 487 1753 523 australis
1772 490 1810 523 et

107 536 249 580 Sicilia,
267 535 479 579 Dalmatia,
499 535 627 571 Africa
645 534 825 570 borealis.

167 651 235 693 30.
269 649 331 694 A.
365 649 755 693 Absinthium
787 649 855 703 (L.
883 648 955 703 Sp.
990 648 1119 701 1188)
1156 648 1365 703 adpresse
1398 649 1569 699 incana,
1610 649 1809 691 caulibus

106 709 330 752 herbaceis
352 708 508 751 erectis
535 708 756 762 angulosis
779 708 823 750 in
850 708 1091 761 paniculam
1119 708 1361 761 elongatam
1385 708 1579 750 foliosam
1607 708 1811 750 abeunti-

106 769 202 819 bus,
232 768 344 811 foliis
368 767 632 810 radicalibus
659 770 702 810 et
737 779 959 809 ramorum
996 767 1212 809 sterilium
1248 767 1374 819 longe
1399 767 1617 820 petiolatis
1644 766 1809 809 ambitu

106 827 245 870 ovatis
272 827 317 869 in
342 827 517 869 lacinias
552 825 934 879 lineari-oblongas
965 824 1142 868 obtusas
1171 825 1456 868 decurrentes
1483 825 1810 879 tripinnatisec-

106 886 176 938 tis,
202 885 477 927 intermediis
503 885 733 927 sessilibus
757 884 1013 939 bipinnatim
1039 887 1081 927 et
1102 884 1312 937 pinnatim
1340 884 1483 929 sectis,
1522 883 1709 926 bracteis
1732 884 1809 926 tri-

110 944 207 987 fidis
248 947 289 987 et
330 944 547 995 indivisis,
589 944 798 997 paniculae
839 943 972 986 ramis
1012 943 1176 986 strictis
1219 943 1567 992 unilateralibus,
1606 943 1809 996 capitulis

106 1003 396 1046 mediocribus
421 1003 595 1045 cernuis
622 1002 910 1056 subglobosis,
937 1002 1154 1045 involucri
1177 1002 1388 1055 adpresse
1416 1002 1623 1057 puberuli
1649 1002 1808 1055 phyllis

106 1062 299 1105 externis
318 1062 558 1104 linearibus
578 1062 650 1104 vix
668 1061 871 1104 scariosis
889 1062 1061 1103 interna
1084 1064 1212 1103 ovata
1233 1061 1314 1103 late
1336 1061 1527 1104 scariosa
1547 1062 1810 1115 subaequan-

105 1120 238 1173 tibus,
265 1121 455 1164 acheniis
477 1120 674 1163 obovatis
700 1120 863 1173 glabrIs
901 1126 960 1168 26.
987 1120 1043 1163 Ic.
1068 1120 1201 1162 Rchb.
1229 1120 1312 1162 tab.
1341 1121 1466 1162 1029.

152 1194 254 1229 Hah.
274 1194 314 1229 in
336 1193 493 1229 incultis
515 1193 625 1229 siccis
644 1193 823 1228 Thraciae
843 1193 996 1238 (ΕΗ-ἰν),
1018 1193 1204 1229 Anatolia
1221 1193 1371 1228 boreali
1390 1193 1564 1238 (Wiedl),
1589 1193 1638 1228 ad
1659 1193 1810 1228 radices

105 1241 226 1276 Tauri
241 1241 399 1277 Isaurici
418 1241 643 1285 (Heldrljet
661 1240 809 1275 Cilicici
829 1240 922 1287 (Ky.
940 1241 1055 1285 235!)‚
1075 1240 1262 1276 Armenia
1272 1241 1436 1276 Turcica
1456 1240 1641 1286 (Bourgl)
1658 1244 1695 1275 et
1713 1240 1807 1275 Ros—

104 1288 194 1333 sica,
209 1288 357 1323 Tauria
376 1290 412 1323 et
430 1288 774 1335 prov.Caucasicis
794 1298 920 1334 usque
938 1289 988 1323 ad
1008 1287 1113 1323 5000’
1132 1289 1241 1331 (CA.
1262 1288 1376 1332 May,
1395 1287 1560 1333 Oweri),
1578 1288 1712 1323 Persia,
1725 1287 1808 1322 bor.

105 1336 155 1371 ad
180 1335 328 1371 radices
346 1336 493 1370 montis
511 1335 744 1371 Demavend
765 1335 905 1379 (Auch.
923 1335 1063 1380 47721),
1083 1335 1295 1380 Affghania
1316 1335 1476 1380 (Grifl'l).

150 1399 212 1434 Ar.
242 1399 376 1443 Geoqr.
406 1398 564 1444 Europa
583 1398 713 1433 media
732 1399 769 1433 et
785 1398 971 1433 australis
989 1409 1009 1433 a
1029 1398 1162 1434 Gallia
1179 1398 1309 1433 media
1328 1400 1366 1433 et
1383 1398 1597 1434 Germania
1615 1398 1744 1433 media
1759 1398 1809 1432 ad

106 1445 287 1481 Rossiam
307 1445 667 1492 septentrionalem,
689 1445 894 1491 Songaria,
914 1444 1071 1490 Sibiria,
1090 1446 1222 1481 Africa
1240 1445 1421 1481 borealis.

166 1570 234 1611 31.
268 1568 330 1613 A.
364 1566 695 1611 Kulhadica
727 1568 886 1622 (Boiss.
929 1573 973 1611 et
1012 1569 1159 1611 Buhse
1198 1569 1322 1611 Aufz.
1370 1583 1407 1624 p.
1456 1568 1555 1625 120)
1597 1570 1811 1623 adpresse

105 1639 356 1680 canescens,
385 1626 582 1670 caulibus
609 1627 835 1670 herbaceis
876 1629 1090 1681 angulatis
1128 1629 1173 1670 in
1208 1629 1452 1683 panio-ulam
1492 1629 1809 1682 pyramidatam

105 1687 383 1739 abeuntibus,
401 1686 512 1728 foliis
541 1686 727 1728 caulium
749 1687 962 1729 sterilium
991 1687 1116 1741 longe
1139 1688 1354 1741 petiolatis
1378 1688 1541 1730 ambitu
1559 1688 1643 1730 late
1669 1688 1809 1730 ovatis

104 1745 149 1788 in
172 1746 350 1789 lacinias
386 1745 540 1788 lineari
562 1745 631 1788 vel
654 1745 1130 1799 oblongo-spathulatas
1155 1747 1334 1790 obtusas
1360 1746 1646 1790 decurrentes
1671 1747 1810 1800 bipin-

107 1805 341 1857 natisectis,
378 1803 682 1858 superioribus
707 1803 1155 1858 oblongo-linearibus
1190 1806 1405 1857 indivisis,
1440 1807 1651 1860 paniculae
1676 1806 1809 1849 ramis

109 1863 440 1906 unilateralibus
476 1863 696 1917 expansiS,
724 1864 925 1917 capitulis
962 1865 1138 1907 cernuis
1164 1865 1354 1918 globosis
1387 1865 1681 1908 mediocribus
1720 1866 1810 1907 lon-

105 1922 299 1976 giuscule
324 1922 604 1975 pedicellatis,
629 1922 846 1965 involucri
872 1923 1085 1965 turbinati
1116 1924 1278 1978 phyllis
1312 1924 1542 1978 puberulis
1570 1923 1622 1965 ab
1647 1924 1809 1965 infimis

106 1981 301 2035 oblongis
327 1981 549 2024 herbaceis
573 1982 711 2024 multo
736 1981 1014 2025 brevioribus
1037 1983 1090 2024 ad
1117 1983 1324 2026 interiora
1350 1987 1476 2026 ovata
1502 1982 1698 2036 margine
1719 1995 1810 2025 sca-

106 2039 221 2082 riosa
248 2039 410 2083 sensim
431 2040 570 2083 auctis
600 2046 659 2088 36.

152 2112 253 2148 Hal).
271 2113 312 2148 in
335 2112 456 2159 pratis
474 2113 524 2148 ad
541 2123 648 2149 mare
666 2113 852 2160 Caspium
872 2125 993 2161 prope
1018 2114 1176 2150 Kulbad
1202 2124 1281 2150 non
1304 2115 1437 2162 procul
1468 2115 1519 2150 ab
1537 2116 1633 2150 urbe
1653 2116 1811 2150 Astera-

106 2159 183 2195 bad
202 2160 344 2195 Persiae
363 2160 535 2216 borealis
552 2161 709 2207 copiose
731 2161 882 2206 (Buhse
895 2163 932 2206 l).
951 2162 1008 2197 Fl.
1033 2162 1116 2197 Oct.
1137 2162 1239 2198 Nov.

153 2222 273 2259 Foliis
292 2223 409 2258 valde
428 2223 556 2259 affinis
576 2224 626 2259 A.
656 2223 861 2260 Absinthio
878 2225 990 2270 cujus
1007 2225 1137 2261 forsan
1159 2226 1338 2269 varietas,
1353 2226 1536 2260 distincta
1558 2229 1687 2261 tamen
1702 2226 1810 2261 vide—

106 2272 169 2305 tur
187 2270 379 2316 paniculae
397 2270 641 2306 abbreviatae
660 2272 920 2317 pyramidatae
942 2283 1009 2308 nec
1028 2273 1170 2308 strictae
1190 2273 1310 2308 ramis
1329 2273 1488 2319 patulis,
1512 2273 1696 2319 capitulis
1717 2273 1810 2308 suh—

105 2317 323 2352 minoribus
341 2317 460 2364 paulo
478 2317 637 2363 longius
651 2318 905 2365 pedicellatis,
926 2321 1144 2366 praesertim
1163 2320 1379 2355 involucro.

167 2432 237 2473 32.
276 2431 336 2475 A.
370 2432 611 2476 Persica
643 2431 800 2488 (Boissss
822 2433 975 2486 Diagn.
1005 2434 1096 2477 Ser.
1120 2434 1151 2487 I,
1180 2436 1220 2486 6,
1246 2448 1287 2489 p.
1312 2435 1388 2489 91)
1415 2435 1506 2477 basi
1529 2435 1811 2477 suffruticosa

107 2491 370 2533 multicaulis
396 2491 641 2543 dumulosa‚
667 2492 866 2535 caulibus
901 2493 1083 2547 virgatis
1111 2493 1311 2546 rigidulis
1339 2495 1496 2537 erectis
1527 2494 1810 2536 subincurvis

109 2552 230 2603 parte
256 2549 451 2593 inferiori
476 2550 628 2593 crebre
653 2550 817 2594 foliosis
843 2563 1036 2605 superne
1055 2552 1325 2606 simplicibus
1352 2553 1391 2594 in
1416 2565 1636 2595 racemum
1662 2553 1809 2594 laxum

107 2607 310 2651 foliosum
347 2609 649 2651 unilateralem
694 2609 941 2663 elongatum
983 2611 1245 2654 abeuntibus
1291 2613 1358 2653 vel
1405 2612 1537 2654 ramis
1583 2610 1811 2653 floralibus

109 2666 269 2710 strictis
297 2668 448 2715 auctis,
472 2668 587 2711 foliis
613 2668 781 2711 minute
807 2669 1147 2722 pubescentibus
1170 2671 1325 2722 griseis
1348 2670 1513 2713 ambitu
1536 2670 1733 2713 obovatis
1766 2670 1808 2712 in

108 2725 314 2768 lacinulas
340 2727 541 2769 minimas
564 2728 978 2780 oblongo-cunealas
1002 2729 1326 2772 obtusiusculas
1354 2730 1614 2772 divaricatas
1639 2729 1811 2771 decom—

107 2784 260 2837 positis
288 2784 463 2827 rachide
486 2785 696 2840 primaria
719 2790 760 2828 et
783 2787 1056 2829 secundariis
1082 2787 1635 2836 lobuliferis,inferioribus
1662 2787 1810 2829 brevi-

107 2844 176 2883 ter
203 2843 420 2898 petiolatis
456 2844 683 2887 floralibus
708 2845 886 2887 minutis
913 2845 1080 2888 laciniis
1113 2847 1276 2900 paucis,
1303 2846 1502 2900 capitulis
1535 2858 1662 2889 secus
1690 2857 1810 2888 race-

108 2911 224 2943 mum
242 2902 516 2945 terminalem
536 2903 601 2945 vel
622 2903 831 2956 paniculae
849 2904 1041 2946 ramulos
1061 2904 1238 2948 remotis
1257 2905 1537 2948 inferioribus
1551 2904 1809 2958 pedunculis

108 2959 171 3000 eis
188 2960 466 3003 brevioribus
489 2961 682 3004 suffultis
701 2962 870 3004 caeleris
895 2963 1125 3005 sessilibus
1141 2963 1433 3006 mediocribus
1451 2963 1808 3018 hemisphaericis,

108 3017 323 3061 involucri
347 3020 632 3073 glabriusculi
660 3021 819 3074 phyllis
849 3021 1035 3064 internis
1058 3021 1254 3075 oblongis
1287 3022 1579 3066 obtusissimis
1614 3022 1809 3075 margine
