<?xml version="1.0" encoding="UTF-8"?>
<!DOCTYPE html PUBLIC "-//W3C//DTD XHTML 1.0 Transitional//EN"
    "http://www.w3.org/TR/xhtml1/DTD/xhtml1-transitional.dtd">
<html xmlns="http://www.w3.org/1999/xhtml" xml:lang="en" lang="en">
 <head>
  <title>
</title>
<meta http-equiv="Content-Type" content="text/html;charset=utf-8" />
  <meta name='ocr-system' content='tesseract 3.04.00' />
  <meta name='ocr-capabilities' content='ocr_page ocr_carea ocr_par ocr_line ocrx_word'/>
</head>
<body>
  <div class='ocr_page' id='page_1' title='image "./floraorientaliss03bois_0385.png"; bbox 0 0 2071 3241; ppageno 0'>
   <div class='ocr_carea' id='block_1_1' title="bbox 64 211 1764 254">
    <p class='ocr_par' dir='ltr' id='par_1_1' title="bbox 64 211 1764 254">
     <span class='ocr_line' id='line_1_1' title="bbox 64 211 1764 254; baseline -0.005 0"><span class='ocrx_word' id='word_1_1' title='bbox 64 215 280 254; x_wconf 62' lang='lat' dir='ltr'>Anthemus.</span> <span class='ocrx_word' id='word_1_2' title='bbox 791 222 1037 249; x_wconf 71' lang='lat' dir='ltr'>composrrAE.</span> <span class='ocrx_word' id='word_1_3' title='bbox 1693 211 1764 246; x_wconf 73' lang='lat'>299</span> 
     </span>
    </p>
   </div>
   <div class='ocr_carea' id='block_1_2' title="bbox 114 291 1641 341">
    <p class='ocr_par' dir='ltr' id='par_1_2' title="bbox 114 291 1641 341">
     <span class='ocr_line' id='line_1_2' title="bbox 114 291 1641 341; baseline -0.003 -9"><span class='ocrx_word' id='word_1_4' title='bbox 114 297 212 332; x_wconf 85' lang='lat' dir='ltr'>Hab.</span> <span class='ocrx_word' id='word_1_5' title='bbox 230 296 271 331; x_wconf 90' lang='lat' dir='ltr'>in</span> <span class='ocrx_word' id='word_1_6' title='bbox 289 296 440 331; x_wconf 84' lang='lat' dir='ltr'>deserto</span> <span class='ocrx_word' id='word_1_7' title='bbox 458 294 880 341; x_wconf 82' lang='lat' dir='ltr'>AEgyptiaco-Arabico</span> <span class='ocrx_word' id='word_1_8' title='bbox 894 291 994 329; x_wconf 77' lang='lat' dir='ltr'>inter</span> <span class='ocrx_word' id='word_1_9' title='bbox 1013 293 1202 329; x_wconf 89' lang='lat' dir='ltr'>Kahiram</span> <span class='ocrx_word' id='word_1_10' title='bbox 1219 295 1256 329; x_wconf 86' lang='lat' dir='ltr'>et</span> <span class='ocrx_word' id='word_1_11' title='bbox 1275 293 1322 329; x_wconf 87' lang='grc' dir='ltr'>ΕΙ</span> <span class='ocrx_word' id='word_1_12' title='bbox 1342 294 1493 339; x_wconf 79' lang='lat' dir='ltr'>Arysch</span> <span class='ocrx_word' id='word_1_13' title='bbox 1516 293 1641 339; x_wconf 83' lang='lat' dir='ltr'>(Kyl).</span> 
     </span>
    </p>
   </div>
   <div class='ocr_carea' id='block_1_3' title="bbox 66 356 1762 545">
    <p class='ocr_par' dir='ltr' id='par_1_3' title="bbox 66 356 1762 545">
     <span class='ocr_line' id='line_1_3' title="bbox 112 356 1761 404; baseline -0.002 -9"><span class='ocrx_word' id='word_1_14' title='bbox 112 359 253 395; x_wconf 83' lang='lat' dir='ltr'>Planta</span> <span class='ocrx_word' id='word_1_15' title='bbox 270 359 338 393; x_wconf 85' lang='lat' dir='ltr'>vix</span> <span class='ocrx_word' id='word_1_16' title='bbox 360 357 623 404; x_wconf 84' lang='lat' dir='ltr'>semipedalis,</span> <span class='ocrx_word' id='word_1_17' title='bbox 651 357 746 392; x_wconf 82' lang='lat' dir='ltr'>folia</span> <span class='ocrx_word' id='word_1_18' title='bbox 765 357 830 393; x_wconf 83' lang='grc'>4-5</span> <span class='ocrx_word' id='word_1_19' title='bbox 846 357 915 392; x_wconf 89' lang='lat' dir='ltr'>lin.</span> <span class='ocrx_word' id='word_1_20' title='bbox 939 357 1059 402; x_wconf 70' lang='lat' dir='ltr'>longa</span> <span class='ocrx_word' id='word_1_21' title='bbox 1077 357 1285 392; x_wconf 85' lang='lat' dir='ltr'>dimidiam</span> <span class='ocrx_word' id='word_1_22' title='bbox 1307 356 1453 391; x_wconf 89' lang='lat' dir='ltr'>lineam</span> <span class='ocrx_word' id='word_1_23' title='bbox 1484 356 1573 400; x_wconf 76' lang='lat' dir='ltr'>lata⁷</span> <span class='ocrx_word' id='word_1_24' title='bbox 1598 357 1761 392; x_wconf 83' lang='lat' dir='ltr'>achenia</span> 
     </span>
     <span class='ocr_line' id='line_1_4' title="bbox 67 403 1759 450; baseline -0.002 -8"><span class='ocrx_word' id='word_1_25' title='bbox 67 406 133 442; x_wconf 83' lang='lat' dir='ltr'>vix</span> <span class='ocrx_word' id='word_1_26' title='bbox 153 405 357 441; x_wconf 81' lang='lat' dir='ltr'>dimidiam</span> <span class='ocrx_word' id='word_1_27' title='bbox 375 405 522 440; x_wconf 84' lang='lat' dir='ltr'>lineam</span> <span class='ocrx_word' id='word_1_28' title='bbox 552 404 684 449; x_wconf 86' lang='lat' dir='ltr'>longa.</span> <span class='ocrx_word' id='word_1_29' title='bbox 705 403 859 450; x_wconf 82' lang='lat' dir='ltr'>Species</span> <span class='ocrx_word' id='word_1_30' title='bbox 877 403 980 439; x_wconf 90' lang='lat' dir='ltr'>foliis</span> <span class='ocrx_word' id='word_1_31' title='bbox 1000 404 1178 448; x_wconf 79' lang='lat' dir='ltr'>angustis</span> <span class='ocrx_word' id='word_1_32' title='bbox 1196 407 1233 439; x_wconf 88' lang='lat' dir='ltr'>et</span> <span class='ocrx_word' id='word_1_33' title='bbox 1255 404 1427 438; x_wconf 83' lang='lat' dir='ltr'>acheniis</span> <span class='ocrx_word' id='word_1_34' title='bbox 1446 404 1554 449; x_wconf 86' lang='lat' dir='ltr'>apice</span> <span class='ocrx_word' id='word_1_35' title='bbox 1574 404 1759 439; x_wconf 88' lang='lat' dir='ltr'>rotunda-</span> 
     </span>
     <span class='ocr_line' id='line_1_5' title="bbox 66 450 1762 497; baseline -0.001 -9"><span class='ocrx_word' id='word_1_36' title='bbox 66 454 114 489; x_wconf 83' lang='lat' dir='ltr'>tis</span> <span class='ocrx_word' id='word_1_37' title='bbox 131 452 307 497; x_wconf 85' lang='lat' dir='ltr'>insignis,</span> <span class='ocrx_word' id='word_1_38' title='bbox 326 452 387 487; x_wconf 86' lang='lat' dir='ltr'>his</span> <span class='ocrx_word' id='word_1_39' title='bbox 406 451 507 486; x_wconf 87' lang='lat' dir='ltr'>notis</span> <span class='ocrx_word' id='word_1_40' title='bbox 527 451 576 486; x_wconf 86' lang='lat' dir='ltr'>ad</span> <span class='ocrx_word' id='word_1_41' title='bbox 594 450 844 487; x_wconf 83' lang='lat' dir='ltr'>Ormem’dem</span> <span class='ocrx_word' id='word_1_42' title='bbox 863 451 1048 486; x_wconf 84' lang='lat' dir='ltr'>accedens</span> <span class='ocrx_word' id='word_1_43' title='bbox 1066 451 1134 485; x_wconf 87' lang='lat' dir='ltr'>sed</span> <span class='ocrx_word' id='word_1_44' title='bbox 1152 451 1303 486; x_wconf 85' lang='lat' dir='ltr'>ssosculi</span> <span class='ocrx_word' id='word_1_45' title='bbox 1323 450 1419 486; x_wconf 85' lang='lat' dir='ltr'>disci</span> <span class='ocrx_word' id='word_1_46' title='bbox 1438 451 1475 485; x_wconf 89' lang='lat' dir='ltr'>in</span> <span class='ocrx_word' id='word_1_47' title='bbox 1497 450 1624 486; x_wconf 84' lang='lat' dir='ltr'>calcar</span> <span class='ocrx_word' id='word_1_48' title='bbox 1645 451 1762 486; x_wconf 85' lang='lat' dir='ltr'>ache-</span> 
     </span>
     <span class='ocr_line' id='line_1_6' title="bbox 66 497 1407 545; baseline -0.002 -10"><span class='ocrx_word' id='word_1_49' title='bbox 66 500 174 535; x_wconf 89' lang='lat' dir='ltr'>nium</span> <span class='ocrx_word' id='word_1_50' title='bbox 196 499 435 545; x_wconf 86' lang='lat' dir='ltr'>amplectens</span> <span class='ocrx_word' id='word_1_51' title='bbox 451 508 530 533; x_wconf 90' lang='lat' dir='ltr'>non</span> <span class='ocrx_word' id='word_1_52' title='bbox 545 498 724 545; x_wconf 86' lang='lat' dir='ltr'>producti</span> <span class='ocrx_word' id='word_1_53' title='bbox 739 500 777 533; x_wconf 85' lang='lat' dir='ltr'>et</span> <span class='ocrx_word' id='word_1_54' title='bbox 790 497 940 533; x_wconf 89' lang='lat' dir='ltr'>achenii</span> <span class='ocrx_word' id='word_1_55' title='bbox 961 501 1078 533; x_wconf 85' lang='lat' dir='ltr'>costae</span> <span class='ocrx_word' id='word_1_56' title='bbox 1097 497 1407 544; x_wconf 78' lang='lat' dir='ltr'>aequidistaiites.</span> 
     </span>
    </p>
   </div>
   <div class='ocr_carea' id='block_1_4' title="bbox 271 633 1557 681">
    <p class='ocr_par' dir='ltr' id='par_1_4' title="bbox 271 633 1557 681">
     <span class='ocr_line' id='line_1_7' title="bbox 271 633 1557 681; baseline -0.002 -11"><span class='ocrx_word' id='word_1_57' title='bbox 271 634 288 652; x_wconf 71' lang='lat'>²</span> <span class='ocrx_word' id='word_1_58' title='bbox 316 634 333 652; x_wconf 71' lang='lat'>²*</span> <span class='ocrx_word' id='word_1_59' title='bbox 361 634 535 671; x_wconf 88' lang='lat' dir='ltr'>Achenia</span> <span class='ocrx_word' id='word_1_60' title='bbox 555 635 665 681; x_wconf 83' lang='lat' dir='ltr'>apice</span> <span class='ocrx_word' id='word_1_61' title='bbox 684 636 862 670; x_wconf 86' lang='lat' dir='ltr'>truncata</span> <span class='ocrx_word' id='word_1_62' title='bbox 878 634 993 670; x_wconf 83' lang='lat' dir='ltr'>calva</span> <span class='ocrx_word' id='word_1_63' title='bbox 1012 633 1074 669; x_wconf 84' lang='lat' dir='ltr'>vel</span> <span class='ocrx_word' id='word_1_64' title='bbox 1092 633 1269 679; x_wconf 83' lang='lat' dir='ltr'>margine</span> <span class='ocrx_word' id='word_1_65' title='bbox 1290 634 1398 669; x_wconf 85' lang='lat' dir='ltr'>brevi</span> <span class='ocrx_word' id='word_1_66' title='bbox 1419 633 1557 669; x_wconf 80' lang='lat' dir='ltr'>obsita.</span> 
     </span>
    </p>
   </div>
   <div class='ocr_carea' id='block_1_5' title="bbox 714 729 1111 775">
    <p class='ocr_par' dir='ltr' id='par_1_5' title="bbox 714 729 1111 775">
     <span class='ocr_line' id='line_1_8' title="bbox 714 729 1111 775; baseline -0.008 -9"><span class='ocrx_word' id='word_1_67' title='bbox 714 733 755 773; x_wconf 71' lang='lat'>4-</span> <span class='ocrx_word' id='word_1_68' title='bbox 807 730 958 775; x_wconf 84' lang='lat' dir='ltr'>Ligulae</span> <span class='ocrx_word' id='word_1_69' title='bbox 977 729 1111 764; x_wconf 73' lang='lat' dir='ltr'>nullae.</span> 
     </span>
    </p>
   </div>
   <div class='ocr_carea' id='block_1_6' title="bbox 56 829 1758 1885">
    <p class='ocr_par' dir='ltr' id='par_1_6' title="bbox 56 829 1758 1885">
     <span class='ocr_line' id='line_1_9' title="bbox 121 829 1758 884; baseline 0.001 -11"><span class='ocrx_word' id='word_1_70' title='bbox 121 833 188 874; x_wconf 79' lang='lat'>41.</span> <span class='ocrx_word' id='word_1_71' title='bbox 222 831 280 874; x_wconf 80' lang='lat' dir='ltr'>A.</span> <span class='ocrx_word' id='word_1_72' title='bbox 317 830 546 873; x_wconf 82' lang='lat' dir='ltr'>Cretica</span> <span class='ocrx_word' id='word_1_73' title='bbox 579 829 646 884; x_wconf 76' lang='lat' dir='ltr'>(L.</span> <span class='ocrx_word' id='word_1_74' title='bbox 676 829 747 883; x_wconf 89' lang='lat' dir='ltr'>Sp.</span> <span class='ocrx_word' id='word_1_75' title='bbox 788 830 898 871; x_wconf 66' lang='lat'>1258</span> <span class='ocrx_word' id='word_1_76' title='bbox 931 829 1012 872; x_wconf 88' lang='lat' dir='ltr'>sub</span> <span class='ocrx_word' id='word_1_77' title='bbox 1045 829 1285 883; x_wconf 66' lang='lat' dir='ltr'>Anacyclo)</span> <span class='ocrx_word' id='word_1_78' title='bbox 1322 830 1758 884; x_wconf 83' lang='lat' dir='ltr'>pubescenti-villosa</span> 
     </span>
     <span class='ocr_line' id='line_1_10' title="bbox 63 888 1758 944; baseline 0.001 -13"><span class='ocrx_word' id='word_1_79' title='bbox 63 891 127 932; x_wconf 83' lang='lat' dir='ltr'>vel</span> <span class='ocrx_word' id='word_1_80' title='bbox 155 889 460 944; x_wconf 72' lang='lat' dir='ltr'>gtahrluscula,</span> <span class='ocrx_word' id='word_1_81' title='bbox 489 889 685 931; x_wconf 86' lang='lat' dir='ltr'>caulibus</span> <span class='ocrx_word' id='word_1_82' title='bbox 712 888 837 931; x_wconf 89' lang='lat' dir='ltr'>nanis</span> <span class='ocrx_word' id='word_1_83' title='bbox 861 901 883 931; x_wconf 86' lang='lat' dir='ltr'>e</span> <span class='ocrx_word' id='word_1_84' title='bbox 905 888 1012 931; x_wconf 92' lang='lat' dir='ltr'>collo</span> <span class='ocrx_word' id='word_1_85' title='bbox 1036 888 1197 942; x_wconf 73' lang='lat' dir='ltr'>saepius</span> <span class='ocrx_word' id='word_1_86' title='bbox 1235 889 1437 943; x_wconf 86' lang='lat' dir='ltr'>pluribus</span> <span class='ocrx_word' id='word_1_87' title='bbox 1465 890 1554 931; x_wconf 86' lang='lat' dir='ltr'>sere</span> <span class='ocrx_word' id='word_1_88' title='bbox 1583 902 1758 944; x_wconf 80' lang='lat' dir='ltr'>semper</span> 
     </span>
     <span class='ocr_line' id='line_1_11' title="bbox 62 947 1756 1002; baseline 0 -11"><span class='ocrx_word' id='word_1_89' title='bbox 62 949 329 1002; x_wconf 67' lang='lat' dir='ltr'>simplicibus</span> <span class='ocrx_word' id='word_1_90' title='bbox 373 948 438 989; x_wconf 86' lang='lat' dir='ltr'>vel</span> <span class='ocrx_word' id='word_1_91' title='bbox 483 948 668 990; x_wconf 88' lang='lat' dir='ltr'>ramosis</span> <span class='ocrx_word' id='word_1_92' title='bbox 706 947 877 989; x_wconf 85' lang='lat' dir='ltr'>diffusis</span> <span class='ocrx_word' id='word_1_93' title='bbox 916 947 1074 990; x_wconf 87' lang='lat' dir='ltr'>crassis</span> <span class='ocrx_word' id='word_1_94' title='bbox 1112 947 1284 988; x_wconf 84' lang='lat' dir='ltr'>tandem</span> <span class='ocrx_word' id='word_1_95' title='bbox 1327 948 1477 1000; x_wconf 82' lang='lat' dir='ltr'>rigidis</span> <span class='ocrx_word' id='word_1_96' title='bbox 1516 948 1678 991; x_wconf 85' lang='lat' dir='ltr'>follosis</span> <span class='ocrx_word' id='word_1_97' title='bbox 1712 949 1756 991; x_wconf 88' lang='lat' dir='ltr'>in</span> 
     </span>
     <span class='ocr_line' id='line_1_12' title="bbox 59 1007 1756 1062; baseline 0.001 -13"><span class='ocrx_word' id='word_1_98' title='bbox 59 1008 351 1062; x_wconf 87' lang='lat' dir='ltr'>pedunculum</span> <span class='ocrx_word' id='word_1_99' title='bbox 389 1018 587 1048; x_wconf 86' lang='lat' dir='ltr'>crassum</span> <span class='ocrx_word' id='word_1_100' title='bbox 614 1007 788 1048; x_wconf 87' lang='lat' dir='ltr'>demum</span> <span class='ocrx_word' id='word_1_101' title='bbox 823 1009 996 1048; x_wconf 86' lang='lat' dir='ltr'>auctum</span> <span class='ocrx_word' id='word_1_102' title='bbox 1024 1010 1190 1047; x_wconf 88' lang='lat' dir='ltr'>rectum</span> <span class='ocrx_word' id='word_1_103' title='bbox 1225 1007 1291 1047; x_wconf 86' lang='lat' dir='ltr'>vel</span> <span class='ocrx_word' id='word_1_104' title='bbox 1322 1007 1553 1049; x_wconf 83' lang='lat' dir='ltr'>incurvum</span> <span class='ocrx_word' id='word_1_105' title='bbox 1594 1008 1756 1050; x_wconf 89' lang='lat' dir='ltr'>abeun-</span> 
     </span>
     <span class='ocr_line' id='line_1_13' title="bbox 60 1064 1757 1119; baseline 0 -11"><span class='ocrx_word' id='word_1_106' title='bbox 60 1066 188 1115; x_wconf 84' lang='lat' dir='ltr'>tibus,</span> <span class='ocrx_word' id='word_1_107' title='bbox 214 1067 327 1109; x_wconf 85' lang='lat' dir='ltr'>foliis</span> <span class='ocrx_word' id='word_1_108' title='bbox 362 1065 578 1119; x_wconf 85' lang='lat' dir='ltr'>petiolatis</span> <span class='ocrx_word' id='word_1_109' title='bbox 607 1064 771 1107; x_wconf 88' lang='lat' dir='ltr'>ambitu</span> <span class='ocrx_word' id='word_1_110' title='bbox 795 1065 990 1114; x_wconf 72' lang='lat' dir='ltr'>oblongis</span> <span class='ocrx_word' id='word_1_111' title='bbox 1016 1065 1313 1118; x_wconf 86' lang='lat' dir='ltr'>pinnatisectis</span> <span class='ocrx_word' id='word_1_112' title='bbox 1346 1065 1581 1117; x_wconf 80' lang='lat' dir='ltr'>segmentis</span> <span class='ocrx_word' id='word_1_113' title='bbox 1613 1066 1757 1108; x_wconf 86' lang='lat' dir='ltr'>brevi—</span> 
     </span>
     <span class='ocr_line' id='line_1_14' title="bbox 60 1123 1755 1179; baseline 0.001 -12"><span class='ocrx_word' id='word_1_114' title='bbox 60 1125 139 1168; x_wconf 91' lang='lat' dir='ltr'>bus</span> <span class='ocrx_word' id='word_1_115' title='bbox 175 1125 379 1179; x_wconf 85' lang='lat' dir='ltr'>utrinque</span> <span class='ocrx_word' id='word_1_116' title='bbox 418 1125 490 1166; x_wconf 52' lang='lat'>23</span> <span class='ocrx_word' id='word_1_117' title='bbox 526 1123 728 1166; x_wconf 85' lang='lat' dir='ltr'>indivisis</span> <span class='ocrx_word' id='word_1_118' title='bbox 755 1124 911 1167; x_wconf 85' lang='lat' dir='ltr'>Iobatis</span> <span class='ocrx_word' id='word_1_119' title='bbox 946 1124 1013 1164; x_wconf 92' lang='lat' dir='ltr'>vel</span> <span class='ocrx_word' id='word_1_120' title='bbox 1041 1124 1200 1177; x_wconf 56' lang='lat' dir='ltr'>saepius</span> <span class='ocrx_word' id='word_1_121' title='bbox 1237 1124 1281 1165; x_wconf 90' lang='lat' dir='ltr'>in</span> <span class='ocrx_word' id='word_1_122' title='bbox 1320 1124 1539 1166; x_wconf 78' lang='lat' dir='ltr'>3-510b0s</span> <span class='ocrx_word' id='word_1_123' title='bbox 1564 1125 1755 1168; x_wconf 85' lang='lat' dir='ltr'>minutos</span> 
     </span>
     <span class='ocr_line' id='line_1_15' title="bbox 59 1183 1755 1237; baseline -0.001 -11"><span class='ocrx_word' id='word_1_124' title='bbox 59 1184 265 1236; x_wconf 86' lang='lat' dir='ltr'>oblongos</span> <span class='ocrx_word' id='word_1_125' title='bbox 301 1186 449 1225; x_wconf 84' lang='lat' dir='ltr'>acutos</span> <span class='ocrx_word' id='word_1_126' title='bbox 473 1183 540 1224; x_wconf 88' lang='lat' dir='ltr'>vel</span> <span class='ocrx_word' id='word_1_127' title='bbox 568 1183 860 1225; x_wconf 88' lang='lat' dir='ltr'>acutiusculos</span> <span class='ocrx_word' id='word_1_128' title='bbox 889 1183 1075 1236; x_wconf 79' lang='lat' dir='ltr'>partitis,</span> <span class='ocrx_word' id='word_1_129' title='bbox 1102 1183 1301 1236; x_wconf 86' lang='lat' dir='ltr'>capitulis</span> <span class='ocrx_word' id='word_1_130' title='bbox 1337 1183 1486 1237; x_wconf 86' lang='lat' dir='ltr'>parvis</span> <span class='ocrx_word' id='word_1_131' title='bbox 1511 1184 1755 1236; x_wconf 79' lang='lat' dir='ltr'>discoideis,</span> 
     </span>
     <span class='ocr_line' id='line_1_16' title="bbox 60 1241 1755 1297; baseline 0 -13"><span class='ocrx_word' id='word_1_132' title='bbox 60 1243 271 1285; x_wconf 76' lang='lat' dir='ltr'>involucri</span> <span class='ocrx_word' id='word_1_133' title='bbox 294 1242 455 1297; x_wconf 83' lang='lat' dir='ltr'>phyllis</span> <span class='ocrx_word' id='word_1_134' title='bbox 482 1241 706 1295; x_wconf 84' lang='lat' dir='ltr'>adpressis</span> <span class='ocrx_word' id='word_1_135' title='bbox 734 1242 983 1283; x_wconf 85' lang='lat' dir='ltr'>lanceolatis</span> <span class='ocrx_word' id='word_1_136' title='bbox 1008 1241 1099 1283; x_wconf 88' lang='lat' dir='ltr'>basi</span> <span class='ocrx_word' id='word_1_137' title='bbox 1127 1241 1332 1284; x_wconf 77' lang='lat' dir='ltr'>coriaceis</span> <span class='ocrx_word' id='word_1_138' title='bbox 1368 1241 1488 1294; x_wconf 89' lang='lat' dir='ltr'>apice</span> <span class='ocrx_word' id='word_1_139' title='bbox 1512 1243 1755 1295; x_wconf 69' lang='lat' dir='ltr'>praesertim</span> 
     </span>
     <span class='ocr_line' id='line_1_17' title="bbox 59 1299 1757 1356; baseline 0 -13"><span class='ocrx_word' id='word_1_140' title='bbox 59 1301 225 1356; x_wconf 83' lang='lat' dir='ltr'>pilosis,</span> <span class='ocrx_word' id='word_1_141' title='bbox 247 1301 508 1355; x_wconf 70' lang='lat' dir='ltr'>receptaculi</span> <span class='ocrx_word' id='word_1_142' title='bbox 533 1301 648 1342; x_wconf 87' lang='lat' dir='ltr'>ovati</span> <span class='ocrx_word' id='word_1_143' title='bbox 671 1301 803 1354; x_wconf 83' lang='lat' dir='ltr'>paleis</span> <span class='ocrx_word' id='word_1_144' title='bbox 833 1299 1278 1354; x_wconf 86' lang='lat' dir='ltr'>oblongo-linearibus</span> <span class='ocrx_word' id='word_1_145' title='bbox 1303 1301 1422 1354; x_wconf 80' lang='lat' dir='ltr'>apice</span> <span class='ocrx_word' id='word_1_146' title='bbox 1445 1301 1631 1343; x_wconf 87' lang='lat' dir='ltr'>erosulis</span> <span class='ocrx_word' id='word_1_147' title='bbox 1658 1301 1757 1343; x_wconf 83' lang='lat' dir='ltr'>bre·</span> 
     </span>
     <span class='ocr_line' id='line_1_18' title="bbox 61 1358 1754 1413; baseline 0 -11"><span class='ocrx_word' id='word_1_148' title='bbox 61 1360 170 1402; x_wconf 88' lang='lat' dir='ltr'>viter</span> <span class='ocrx_word' id='word_1_149' title='bbox 190 1365 232 1402; x_wconf 87' lang='lat' dir='ltr'>et</span> <span class='ocrx_word' id='word_1_150' title='bbox 253 1361 438 1413; x_wconf 82' lang='lat' dir='ltr'>abrupte</span> <span class='ocrx_word' id='word_1_151' title='bbox 462 1360 741 1412; x_wconf 85' lang='lat' dir='ltr'>mucronatis‚</span> <span class='ocrx_word' id='word_1_152' title='bbox 764 1358 955 1402; x_wconf 53' lang='lat' dir='ltr'>acl&#39;ieniis</span> <span class='ocrx_word' id='word_1_153' title='bbox 979 1360 1316 1413; x_wconf 79' lang='lat' dir='ltr'>persistentibus</span> <span class='ocrx_word' id='word_1_154' title='bbox 1342 1359 1571 1402; x_wconf 72' lang='lat' dir='ltr'>turbinatis</span> <span class='ocrx_word' id='word_1_155' title='bbox 1592 1360 1754 1403; x_wconf 85' lang='lat' dir='ltr'>striatis</span> 
     </span>
     <span class='ocr_line' id='line_1_19' title="bbox 59 1418 1753 1474; baseline 0 -13"><span class='ocrx_word' id='word_1_156' title='bbox 59 1419 238 1462; x_wconf 80' lang='lat' dir='ltr'>laevibus</span> <span class='ocrx_word' id='word_1_157' title='bbox 255 1418 602 1474; x_wconf 84' lang='lat' dir='ltr'>apicetruncatis</span> <span class='ocrx_word' id='word_1_158' title='bbox 621 1419 815 1471; x_wconf 79' lang='lat' dir='ltr'>margine</span> <span class='ocrx_word' id='word_1_159' title='bbox 834 1418 1094 1461; x_wconf 87' lang='lat' dir='ltr'>brevissimo</span> <span class='ocrx_word' id='word_1_160' title='bbox 1118 1423 1240 1461; x_wconf 87' lang='lat' dir='ltr'>acuto</span> <span class='ocrx_word' id='word_1_161' title='bbox 1261 1420 1421 1472; x_wconf 69' lang='lat' dir='ltr'>saepius</span> <span class='ocrx_word' id='word_1_162' title='bbox 1440 1418 1661 1461; x_wconf 86' lang='lat' dir='ltr'>dimidiato</span> <span class='ocrx_word' id='word_1_163' title='bbox 1689 1423 1753 1469; x_wconf 70' lang='lat' dir='ltr'>O.</span> 
     </span>
     <span class='ocr_line' id='line_1_20' title="bbox 61 1476 1753 1530; baseline 0.001 -12"><span class='ocrx_word' id='word_1_164' title='bbox 61 1477 112 1519; x_wconf 90' lang='lat' dir='ltr'>Ic.</span> <span class='ocrx_word' id='word_1_165' title='bbox 139 1478 255 1520; x_wconf 85' lang='lat' dir='ltr'>Desf.</span> <span class='ocrx_word' id='word_1_166' title='bbox 283 1478 379 1520; x_wconf 90' lang='lat' dir='ltr'>Cor.</span> <span class='ocrx_word' id='word_1_167' title='bbox 408 1478 490 1519; x_wconf 89' lang='lat' dir='ltr'>tab.</span> <span class='ocrx_word' id='word_1_168' title='bbox 520 1478 588 1518; x_wconf 79' lang='lat'>37.</span> <span class='ocrx_word' id='word_1_169' title='bbox 612 1501 665 1507; x_wconf 90' lang='lat'><strong>—</strong></span> <span class='ocrx_word' id='word_1_170' title='bbox 695 1477 925 1519; x_wconf 73' lang='lat' dir='ltr'>Santole&#39;na</span> <span class='ocrx_word' id='word_1_171' title='bbox 950 1477 1247 1519; x_wconf 68' lang='lat' dir='ltr'>arithemov‘des</span> <span class='ocrx_word' id='word_1_172' title='bbox 1277 1477 1319 1519; x_wconf 88' lang='lat' dir='ltr'>L.</span> <span class='ocrx_word' id='word_1_173' title='bbox 1346 1477 1417 1530; x_wconf 88' lang='lat' dir='ltr'>Sp.</span> <span class='ocrx_word' id='word_1_174' title='bbox 1449 1478 1573 1519; x_wconf 74' lang='lat'>1180.</span> <span class='ocrx_word' id='word_1_175' title='bbox 1598 1477 1657 1519; x_wconf 78' lang='lat' dir='ltr'>Fi.</span> <span class='ocrx_word' id='word_1_176' title='bbox 1679 1476 1753 1519; x_wconf 85' lang='lat' dir='ltr'>Gr.</span> 
     </span>
     <span class='ocr_line' id='line_1_21' title="bbox 56 1536 1750 1591; baseline -0.002 -12"><span class='ocrx_word' id='word_1_177' title='bbox 56 1537 140 1579; x_wconf 83' lang='lat' dir='ltr'>tab.</span> <span class='ocrx_word' id='word_1_178' title='bbox 169 1538 254 1579; x_wconf 72' lang='lat'>854·</span> <span class='ocrx_word' id='word_1_179' title='bbox 288 1537 445 1590; x_wconf 83' lang='lat' dir='ltr'>(forma</span> <span class='ocrx_word' id='word_1_180' title='bbox 473 1537 614 1578; x_wconf 87' lang='lat' dir='ltr'>minor</span> <span class='ocrx_word' id='word_1_181' title='bbox 637 1537 872 1589; x_wconf 75' lang='lat' dir='ltr'>segmentis</span> <span class='ocrx_word' id='word_1_182' title='bbox 905 1537 1106 1578; x_wconf 86' lang='lat' dir='ltr'>soliorum</span> <span class='ocrx_word' id='word_1_183' title='bbox 1131 1536 1276 1578; x_wconf 88' lang='lat' dir='ltr'>minus</span> <span class='ocrx_word' id='word_1_184' title='bbox 1301 1536 1486 1591; x_wconf 87' lang='lat' dir='ltr'>divisis).</span> <span class='ocrx_word' id='word_1_185' title='bbox 1532 1561 1581 1565; x_wconf 92' lang='lat'>—-</span> <span class='ocrx_word' id='word_1_186' title='bbox 1627 1536 1750 1578; x_wconf 72' lang='lat' dir='ltr'>Sunt.</span> 
     </span>
     <span class='ocr_line' id='line_1_22' title="bbox 58 1594 1752 1648; baseline 0 -12"><span class='ocrx_word' id='word_1_187' title='bbox 58 1594 199 1647; x_wconf 75' lang='lat' dir='ltr'>rz&#39;yz&#39;da</span> <span class='ocrx_word' id='word_1_188' title='bbox 223 1597 284 1639; x_wconf 87' lang='lat' dir='ltr'>Fl.</span> <span class='ocrx_word' id='word_1_189' title='bbox 305 1595 378 1638; x_wconf 88' lang='lat' dir='ltr'>Gr.</span> <span class='ocrx_word' id='word_1_190' title='bbox 405 1596 475 1637; x_wconf 86' lang='lat' dir='ltr'>tab</span> <span class='ocrx_word' id='word_1_191' title='bbox 513 1596 610 1637; x_wconf 79' lang='lat'>853.</span> <span class='ocrx_word' id='word_1_192' title='bbox 632 1619 683 1624; x_wconf 87' lang='lat'>——</span> <span class='ocrx_word' id='word_1_193' title='bbox 708 1595 858 1637; x_wconf 68' lang='lat' dir='ltr'>Catella</span> <span class='ocrx_word' id='word_1_194' title='bbox 874 1594 1194 1646; x_wconf 78' lang='lat' dir='ltr'>abrotam&#39;folz‘a</span> <span class='ocrx_word' id='word_1_195' title='bbox 1213 1596 1360 1638; x_wconf 90' lang='lat' dir='ltr'>Willd.</span> <span class='ocrx_word' id='word_1_196' title='bbox 1379 1595 1449 1648; x_wconf 85' lang='lat' dir='ltr'>Sp.</span> <span class='ocrx_word' id='word_1_197' title='bbox 1478 1595 1548 1646; x_wconf 81' lang='grc' dir='ltr'>ΙΙΙ,</span> <span class='ocrx_word' id='word_1_198' title='bbox 1566 1608 1604 1648; x_wconf 94' lang='lat' dir='ltr'>p.</span> <span class='ocrx_word' id='word_1_199' title='bbox 1625 1597 1752 1637; x_wconf 70' lang='lat'>2167.</span> 
     </span>
     <span class='ocr_line' id='line_1_23' title="bbox 57 1652 1751 1706; baseline -0.001 -9"><span class='ocrx_word' id='word_1_200' title='bbox 57 1679 112 1684; x_wconf 92' lang='lat'>—</span> <span class='ocrx_word' id='word_1_201' title='bbox 131 1654 376 1706; x_wconf 67' lang='lat' dir='ltr'>Lyomzetia</span> <span class='ocrx_word' id='word_1_202' title='bbox 388 1653 557 1706; x_wconf 70' lang='lat' dir='ltr'>pusilla</span> <span class='ocrx_word' id='word_1_203' title='bbox 576 1652 693 1696; x_wconf 85' lang='lat' dir='ltr'>Cass.</span> <span class='ocrx_word' id='word_1_204' title='bbox 717 1657 758 1696; x_wconf 85' lang='lat' dir='ltr'>et</span> <span class='ocrx_word' id='word_1_205' title='bbox 780 1654 828 1695; x_wconf 88' lang='lat' dir='ltr'>L.</span> <span class='ocrx_word' id='word_1_206' title='bbox 849 1653 997 1706; x_wconf 61' lang='lat' dir='ltr'>rigida</span> <span class='ocrx_word' id='word_1_207' title='bbox 1021 1658 1062 1695; x_wconf 88' lang='lat' dir='ltr'>et</span> <span class='ocrx_word' id='word_1_208' title='bbox 1084 1654 1130 1695; x_wconf 91' lang='lat' dir='ltr'>L.</span> <span class='ocrx_word' id='word_1_209' title='bbox 1156 1653 1476 1706; x_wconf 75' lang='lat' dir='ltr'>abrotam&#39;solia</span> <span class='ocrx_word' id='word_1_210' title='bbox 1501 1667 1579 1696; x_wconf 76' lang='lat' dir='ltr'>nc.</span> <span class='ocrx_word' id='word_1_211' title='bbox 1599 1654 1751 1696; x_wconf 82' lang='lat' dir='ltr'>Prodr.</span> 
     </span>
     <span class='ocr_line' id='line_1_24' title="bbox 61 1711 1753 1767; baseline 0 -13"><span class='ocrx_word' id='word_1_212' title='bbox 61 1714 130 1765; x_wconf 86' lang='lat' dir='ltr'>VI,</span> <span class='ocrx_word' id='word_1_213' title='bbox 164 1728 200 1767; x_wconf 94' lang='lat' dir='ltr'>p.</span> <span class='ocrx_word' id='word_1_214' title='bbox 229 1716 292 1756; x_wconf 77' lang='lat'>14.</span> <span class='ocrx_word' id='word_1_215' title='bbox 318 1738 375 1743; x_wconf 88' lang='lat'>——</span> <span class='ocrx_word' id='word_1_216' title='bbox 397 1711 561 1754; x_wconf 55' lang='lat' dir='ltr'>‘Cotum</span> <span class='ocrx_word' id='word_1_217' title='bbox 585 1712 751 1754; x_wconf 76' lang='lat' dir='ltr'>Cretica</span> <span class='ocrx_word' id='word_1_218' title='bbox 777 1712 961 1753; x_wconf 76' lang='lat' dir='ltr'>minima</span> <span class='ocrx_word' id='word_1_219' title='bbox 985 1712 1176 1764; x_wconf 75' lang='lat' dir='ltr'>capitulo</span> <span class='ocrx_word' id='word_1_220' title='bbox 1199 1713 1360 1765; x_wconf 67' lang='lat' dir='ltr'>instem</span> <span class='ocrx_word' id='word_1_221' title='bbox 1386 1713 1546 1755; x_wconf 84' lang='lat' dir='ltr'>Tourn.</span> <span class='ocrx_word' id='word_1_222' title='bbox 1569 1712 1663 1754; x_wconf 89' lang='lat' dir='ltr'>Cor.</span> <span class='ocrx_word' id='word_1_223' title='bbox 1686 1714 1753 1754; x_wconf 82' lang='lat'>37.</span> 
     </span>
     <span class='ocr_line' id='line_1_25' title="bbox 57 1770 1755 1826; baseline -0.002 -12"><span class='ocrx_word' id='word_1_224' title='bbox 57 1798 113 1802; x_wconf 97' lang='lat'><strong>—</strong></span> <span class='ocrx_word' id='word_1_225' title='bbox 139 1772 365 1814; x_wconf 72' lang='lat' dir='ltr'>Autlcemis</span> <span class='ocrx_word' id='word_1_226' title='bbox 399 1771 648 1825; x_wconf 70' lang='lat' dir='ltr'>Anacyclns</span> <span class='ocrx_word' id='word_1_227' title='bbox 683 1771 720 1813; x_wconf 90' lang='lat' dir='ltr'>J.</span> <span class='ocrx_word' id='word_1_228' title='bbox 751 1770 843 1826; x_wconf 85' lang='lat' dir='ltr'>Gay</span> <span class='ocrx_word' id='word_1_229' title='bbox 877 1772 992 1813; x_wconf 90' lang='lat' dir='ltr'>ined.</span> <span class='ocrx_word' id='word_1_230' title='bbox 1023 1772 1068 1813; x_wconf 90' lang='lat' dir='ltr'>in</span> <span class='ocrx_word' id='word_1_231' title='bbox 1094 1771 1182 1813; x_wconf 87' lang='lat' dir='ltr'>Bal.</span> <span class='ocrx_word' id='word_1_232' title='bbox 1212 1783 1301 1814; x_wconf 80' lang='lat' dir='ltr'>exs.</span> <span class='ocrx_word' id='word_1_233' title='bbox 1328 1796 1383 1804; x_wconf 91' lang='grc'>--</span> <span class='ocrx_word' id='word_1_234' title='bbox 1408 1772 1539 1813; x_wconf 79' lang='lat' dir='ltr'>Antlz.</span> <span class='ocrx_word' id='word_1_235' title='bbox 1570 1770 1755 1813; x_wconf 66' lang='lat' dir='ltr'>Urvillci</span> 
     </span>
     <span class='ocr_line' id='line_1_26' title="bbox 61 1831 375 1885; baseline 0.01 -13"><span class='ocrx_word' id='word_1_236' title='bbox 61 1831 182 1884; x_wconf 86' lang='lat' dir='ltr'>Nym.</span> <span class='ocrx_word' id='word_1_237' title='bbox 208 1831 312 1885; x_wconf 86' lang='lat' dir='ltr'>Syll.</span> <span class='ocrx_word' id='word_1_238' title='bbox 338 1833 375 1875; x_wconf 88' lang='lat'>7.</span> 
     </span>
    </p>
   </div>
   <div class='ocr_carea' id='block_1_7' title="bbox 55 1904 1754 2129">
    <p class='ocr_par' dir='ltr' id='par_1_7' title="bbox 55 1904 1754 2126">
     <span class='ocr_line' id='line_1_27' title="bbox 105 1904 1754 1948; baseline 0 -9"><span class='ocrx_word' id='word_1_239' title='bbox 105 1905 201 1940; x_wconf 52' lang='lat' dir='ltr'>Hab.</span> <span class='ocrx_word' id='word_1_240' title='bbox 230 1905 269 1940; x_wconf 92' lang='lat' dir='ltr'>in</span> <span class='ocrx_word' id='word_1_241' title='bbox 294 1906 408 1941; x_wconf 74' lang='lat' dir='ltr'>Creta</span> <span class='ocrx_word' id='word_1_242' title='bbox 441 1904 714 1948; x_wconf 73' lang='lat' dir='ltr'>vulgatissima</span> <span class='ocrx_word' id='word_1_243' title='bbox 745 1904 795 1939; x_wconf 84' lang='lat' dir='ltr'>ab</span> <span class='ocrx_word' id='word_1_244' title='bbox 828 1904 957 1939; x_wconf 82' lang='lat' dir='ltr'>arenis</span> <span class='ocrx_word' id='word_1_245' title='bbox 987 1904 1197 1939; x_wconf 84' lang='lat' dir='ltr'>maritimis</span> <span class='ocrx_word' id='word_1_246' title='bbox 1229 1904 1278 1939; x_wconf 87' lang='lat' dir='ltr'>ad</span> <span class='ocrx_word' id='word_1_247' title='bbox 1309 1904 1413 1940; x_wconf 67' lang='lat'>5&#39;200&#39;</span> <span class='ocrx_word' id='word_1_248' title='bbox 1452 1904 1578 1948; x_wconf 78' lang='lat' dir='ltr'>[Siebt</span> <span class='ocrx_word' id='word_1_249' title='bbox 1616 1904 1754 1939; x_wconf 70' lang='lat' dir='ltr'>Helui-l</span> 
     </span>
     <span class='ocr_line' id='line_1_28' title="bbox 57 1951 1753 1996; baseline -0.001 -9"><span class='ocrx_word' id='word_1_250' title='bbox 57 1951 201 1996; x_wconf 54' lang='lat' dir='ltr'>Rauiit</span> <span class='ocrx_word' id='word_1_251' title='bbox 220 1952 258 1987; x_wconf 90' lang='lat' dir='ltr'>in</span> <span class='ocrx_word' id='word_1_252' title='bbox 277 1952 427 1988; x_wconf 77' lang='lat' dir='ltr'>Boeotia</span> <span class='ocrx_word' id='word_1_253' title='bbox 445 1955 482 1987; x_wconf 84' lang='lat' dir='ltr'>et</span> <span class='ocrx_word' id='word_1_254' title='bbox 500 1953 539 1988; x_wconf 86' lang='lat' dir='ltr'>in</span> <span class='ocrx_word' id='word_1_255' title='bbox 558 1951 686 1987; x_wconf 82' lang='lat' dir='ltr'>vineis</span> <span class='ocrx_word' id='word_1_256' title='bbox 704 1952 803 1987; x_wconf 88' lang='lat' dir='ltr'>circa</span> <span class='ocrx_word' id='word_1_257' title='bbox 825 1951 1059 1996; x_wconf 80' lang='lat' dir='ltr'>Byzantium</span> <span class='ocrx_word' id='word_1_258' title='bbox 1076 1951 1231 1994; x_wconf 67' lang='lat' dir='ltr'>(Sibth,</span> <span class='ocrx_word' id='word_1_259' title='bbox 1254 1952 1381 1994; x_wconf 64' lang='lat' dir='ltr'>Neci),</span> <span class='ocrx_word' id='word_1_260' title='bbox 1401 1952 1438 1986; x_wconf 87' lang='lat' dir='ltr'>in</span> <span class='ocrx_word' id='word_1_261' title='bbox 1459 1952 1586 1986; x_wconf 78' lang='lat' dir='ltr'>arenis</span> <span class='ocrx_word' id='word_1_262' title='bbox 1606 1951 1753 1986; x_wconf 83' lang='lat' dir='ltr'>mariti-</span> 
     </span>
     <span class='ocr_line' id='line_1_29' title="bbox 59 1998 1753 2044; baseline 0 -11"><span class='ocrx_word' id='word_1_263' title='bbox 59 2000 133 2033; x_wconf 88' lang='lat' dir='ltr'>rnis</span> <span class='ocrx_word' id='word_1_264' title='bbox 152 2001 330 2035; x_wconf 86' lang='lat' dir='ltr'>omnium</span> <span class='ocrx_word' id='word_1_265' title='bbox 349 1998 564 2044; x_wconf 55' lang='lat' dir='ltr'>Cystadum</span> <span class='ocrx_word' id='word_1_266' title='bbox 584 1998 700 2042; x_wconf 78' lang='lat' dir='ltr'>(Urvi</span> <span class='ocrx_word' id='word_1_267' title='bbox 721 1998 851 2033; x_wconf 82' lang='lat' dir='ltr'>Boiss!</span> <span class='ocrx_word' id='word_1_268' title='bbox 872 1998 992 2044; x_wconf 86' lang='lat' dir='ltr'>Orph.</span> <span class='ocrx_word' id='word_1_269' title='bbox 1011 1998 1068 2033; x_wconf 90' lang='lat' dir='ltr'>Fl.</span> <span class='ocrx_word' id='word_1_270' title='bbox 1088 1999 1154 2033; x_wconf 87' lang='lat' dir='ltr'>Gr.</span> <span class='ocrx_word' id='word_1_271' title='bbox 1174 1998 1262 2034; x_wconf 73' lang='lat'>2911</span> <span class='ocrx_word' id='word_1_272' title='bbox 1283 2002 1318 2034; x_wconf 89' lang='lat' dir='ltr'>et</span> <span class='ocrx_word' id='word_1_273' title='bbox 1339 1999 1469 2034; x_wconf 80' lang='lat' dir='ltr'>Heldr.</span> <span class='ocrx_word' id='word_1_274' title='bbox 1488 1999 1603 2033; x_wconf 81' lang='lat' dir='ltr'>Herb.</span> <span class='ocrx_word' id='word_1_275' title='bbox 1620 1999 1753 2034; x_wconf 84' lang='lat' dir='ltr'>Norm.</span> 
     </span>
     <span class='ocr_line' id='line_1_30' title="bbox 55 2045 1752 2126; baseline -0.001 -45"><span class='ocrx_word' id='word_1_276' title='bbox 55 2045 175 2126; x_wconf 44' lang='lat'>3130,</span> <span class='ocrx_word' id='word_1_277' title='bbox 196 2047 374 2092; x_wconf 80' lang='lat' dir='ltr'>Smyrnae</span> <span class='ocrx_word' id='word_1_278' title='bbox 395 2046 497 2091; x_wconf 79' lang='lat' dir='ltr'>(Bal.</span> <span class='ocrx_word' id='word_1_279' title='bbox 516 2046 610 2090; x_wconf 71' lang='lat'>2⁴32),</span> <span class='ocrx_word' id='word_1_280' title='bbox 630 2045 759 2081; x_wconf 84' lang='lat' dir='ltr'>Rhodi</span> <span class='ocrx_word' id='word_1_281' title='bbox 781 2045 978 2091; x_wconf 82' lang='lat' dir='ltr'>(Bourgl),</span> <span class='ocrx_word' id='word_1_282' title='bbox 997 2045 1117 2092; x_wconf 81' lang='lat' dir='ltr'>Cypri</span> <span class='ocrx_word' id='word_1_283' title='bbox 1146 2046 1285 2089; x_wconf 83' lang='lat' dir='ltr'>(Sibth.</span> <span class='ocrx_word' id='word_1_284' title='bbox 1309 2046 1383 2091; x_wconf 65' lang='grc' dir='ltr'>ΚΥ.</span> <span class='ocrx_word' id='word_1_285' title='bbox 1406 2046 1475 2081; x_wconf 72' lang='grc' dir='ltr'>2ῦο</span> <span class='ocrx_word' id='word_1_286' title='bbox 1489 2047 1514 2091; x_wconf 86' lang='grc' dir='ltr'>Ι)</span> <span class='ocrx_word' id='word_1_287' title='bbox 1556 2046 1611 2081; x_wconf 88' lang='lat' dir='ltr'>Fl.</span> <span class='ocrx_word' id='word_1_288' title='bbox 1642 2046 1752 2080; x_wconf 84' lang='lat' dir='ltr'>Mart.</span> 
     </span>
    </p>

    <p class='ocr_par' dir='ltr' id='par_1_8' title="bbox 101 2102 175 2129">
     <span class='ocr_line' id='line_1_31' title="bbox 101 2102 175 2129; baseline 0.027 -2"><span class='ocrx_word' id='word_1_289' title='bbox 101 2102 175 2129; x_wconf 80' lang='lat' dir='ltr'>alo.</span> 
     </span>
    </p>
   </div>
   <div class='ocr_carea' id='block_1_8' title="bbox 55 2155 1752 2251">
    <p class='ocr_par' dir='ltr' id='par_1_9' title="bbox 55 2155 1752 2251">
     <span class='ocr_line' id='line_1_32' title="bbox 103 2155 1752 2202; baseline -0.001 -10"><span class='ocrx_word' id='word_1_290' title='bbox 103 2157 240 2192; x_wconf 83' lang='lat' dir='ltr'>Planta</span> <span class='ocrx_word' id='word_1_291' title='bbox 258 2156 443 2192; x_wconf 75' lang='lat' dir='ltr'>foliorum</span> <span class='ocrx_word' id='word_1_292' title='bbox 463 2156 675 2202; x_wconf 80' lang='lat' dir='ltr'>segmentis</span> <span class='ocrx_word' id='word_1_293' title='bbox 693 2156 782 2202; x_wconf 84' lang='lat' dir='ltr'>plus</span> <span class='ocrx_word' id='word_1_294' title='bbox 802 2156 933 2191; x_wconf 89' lang='lat' dir='ltr'>minus</span> <span class='ocrx_word' id='word_1_295' title='bbox 955 2155 1106 2199; x_wconf 81' lang='lat' dir='ltr'>divisis,</span> <span class='ocrx_word' id='word_1_296' title='bbox 1128 2156 1360 2202; x_wconf 81' lang='lat' dir='ltr'>pedunculis</span> <span class='ocrx_word' id='word_1_297' title='bbox 1382 2156 1493 2191; x_wconf 83' lang='lat' dir='ltr'>rectis</span> <span class='ocrx_word' id='word_1_298' title='bbox 1514 2158 1574 2191; x_wconf 75' lang='lat' dir='ltr'>vel</span> <span class='ocrx_word' id='word_1_299' title='bbox 1595 2157 1752 2192; x_wconf 88' lang='lat' dir='ltr'>tandem</span> 
     </span>
     <span class='ocr_line' id='line_1_33' title="bbox 55 2203 1358 2251; baseline -0.002 -12"><span class='ocrx_word' id='word_1_300' title='bbox 55 2204 398 2250; x_wconf 78' lang='lat' dir='ltr'>arcuato-reflexis,</span> <span class='ocrx_word' id='word_1_301' title='bbox 417 2204 600 2251; x_wconf 85' lang='lat' dir='ltr'>capitulis</span> <span class='ocrx_word' id='word_1_302' title='bbox 619 2203 838 2249; x_wconf 84' lang='lat' dir='ltr'>majoribus</span> <span class='ocrx_word' id='word_1_303' title='bbox 857 2203 922 2238; x_wconf 83' lang='lat' dir='ltr'>vel</span> <span class='ocrx_word' id='word_1_304' title='bbox 941 2203 1161 2238; x_wconf 86' lang='lat' dir='ltr'>minoribus</span> <span class='ocrx_word' id='word_1_305' title='bbox 1182 2204 1358 2238; x_wconf 83' lang='lat' dir='ltr'>varians.</span> 
     </span>
    </p>
   </div>
   <div class='ocr_carea' id='block_1_9' title="bbox 103 2263 491 2314">
    <p class='ocr_par' dir='ltr' id='par_1_10' title="bbox 103 2263 491 2314">
     <span class='ocr_line' id='line_1_34' title="bbox 103 2263 491 2314; baseline -0.003 -11"><span class='ocrx_word' id='word_1_306' title='bbox 103 2268 162 2303; x_wconf 82' lang='lat' dir='ltr'>Ar.</span> <span class='ocrx_word' id='word_1_307' title='bbox 184 2263 316 2314; x_wconf 78' lang='lat' dir='ltr'>Geoqr.</span> <span class='ocrx_word' id='word_1_308' title='bbox 348 2268 491 2303; x_wconf 87' lang='lat' dir='ltr'>Sicilia.</span> 
     </span>
    </p>
   </div>
   <div class='ocr_carea' id='block_1_10' title="bbox 58 2390 1753 2915">
    <p class='ocr_par' dir='ltr' id='par_1_11' title="bbox 58 2390 1753 2915">
     <span class='ocr_line' id='line_1_35' title="bbox 117 2390 1753 2447; baseline 0 -13"><span class='ocrx_word' id='word_1_309' title='bbox 117 2393 184 2434; x_wconf 71' lang='lat'>42.</span> <span class='ocrx_word' id='word_1_310' title='bbox 218 2393 280 2435; x_wconf 89' lang='lat' dir='ltr'>A.</span> <span class='ocrx_word' id='word_1_311' title='bbox 317 2392 558 2436; x_wconf 83' lang='lat' dir='ltr'>Persica</span> <span class='ocrx_word' id='word_1_312' title='bbox 590 2392 751 2447; x_wconf 78' lang='lat' dir='ltr'>(Boiss.</span> <span class='ocrx_word' id='word_1_313' title='bbox 770 2392 921 2444; x_wconf 83' lang='lat' dir='ltr'>Diagn.</span> <span class='ocrx_word' id='word_1_314' title='bbox 943 2391 1034 2433; x_wconf 88' lang='lat' dir='ltr'>Ser.</span> <span class='ocrx_word' id='word_1_315' title='bbox 1057 2390 1088 2444; x_wconf 83' lang='lat' dir='ltr'>l,</span> <span class='ocrx_word' id='word_1_316' title='bbox 1112 2393 1152 2442; x_wconf 82' lang='lat'>6,</span> <span class='ocrx_word' id='word_1_317' title='bbox 1175 2405 1215 2446; x_wconf 87' lang='lat' dir='ltr'>p.</span> <span class='ocrx_word' id='word_1_318' title='bbox 1241 2391 1318 2446; x_wconf 76' lang='lat'>85)</span> <span class='ocrx_word' id='word_1_319' title='bbox 1342 2391 1550 2444; x_wconf 82' lang='lat' dir='ltr'>adpresse</span> <span class='ocrx_word' id='word_1_320' title='bbox 1570 2394 1753 2446; x_wconf 86' lang='lat' dir='ltr'>etparce</span> 
     </span>
     <span class='ocr_line' id='line_1_36' title="bbox 58 2450 1752 2504; baseline -0.001 -11"><span class='ocrx_word' id='word_1_321' title='bbox 58 2452 313 2504; x_wconf 80' lang='lat' dir='ltr'>pubescens,</span> <span class='ocrx_word' id='word_1_322' title='bbox 347 2451 544 2494; x_wconf 86' lang='lat' dir='ltr'>caulibus</span> <span class='ocrx_word' id='word_1_323' title='bbox 582 2450 791 2493; x_wconf 85' lang='lat' dir='ltr'>brevibus</span> <span class='ocrx_word' id='word_1_324' title='bbox 834 2450 1063 2504; x_wconf 75' lang='lat' dir='ltr'>prostratis</span> <span class='ocrx_word' id='word_1_325' title='bbox 1108 2451 1269 2493; x_wconf 86' lang='lat' dir='ltr'>foliosis</span> <span class='ocrx_word' id='word_1_326' title='bbox 1315 2450 1670 2504; x_wconf 85' lang='lat' dir='ltr'>subsimplicibus</span> <span class='ocrx_word' id='word_1_327' title='bbox 1708 2451 1752 2492; x_wconf 88' lang='lat' dir='ltr'>in</span> 
     </span>
     <span class='ocr_line' id='line_1_37' title="bbox 61 2508 1752 2562; baseline -0.001 -10"><span class='ocrx_word' id='word_1_328' title='bbox 61 2510 348 2562; x_wconf 88' lang='lat' dir='ltr'>pedunculum</span> <span class='ocrx_word' id='word_1_329' title='bbox 390 2511 570 2553; x_wconf 86' lang='lat' dir='ltr'>brevem</span> <span class='ocrx_word' id='word_1_330' title='bbox 606 2522 801 2553; x_wconf 88' lang='lat' dir='ltr'>crassum</span> <span class='ocrx_word' id='word_1_331' title='bbox 835 2509 1008 2552; x_wconf 85' lang='lat' dir='ltr'>taudem</span> <span class='ocrx_word' id='word_1_332' title='bbox 1050 2510 1284 2552; x_wconf 87' lang='lat' dir='ltr'>incurvum</span> <span class='ocrx_word' id='word_1_333' title='bbox 1327 2508 1600 2562; x_wconf 75' lang='lat' dir='ltr'>abeuntibus,</span> <span class='ocrx_word' id='word_1_334' title='bbox 1642 2510 1752 2551; x_wconf 88' lang='lat' dir='ltr'>soliis</span> 
     </span>
     <span class='ocr_line' id='line_1_38' title="bbox 59 2568 1752 2621; baseline 0 -11"><span class='ocrx_word' id='word_1_335' title='bbox 59 2569 271 2621; x_wconf 86' lang='lat' dir='ltr'>petiolatis</span> <span class='ocrx_word' id='word_1_336' title='bbox 307 2569 471 2612; x_wconf 86' lang='lat' dir='ltr'>ambitu</span> <span class='ocrx_word' id='word_1_337' title='bbox 497 2569 637 2611; x_wconf 88' lang='lat' dir='ltr'>ovatis</span> <span class='ocrx_word' id='word_1_338' title='bbox 671 2569 713 2611; x_wconf 83' lang='lat' dir='ltr'>in</span> <span class='ocrx_word' id='word_1_339' title='bbox 751 2569 928 2610; x_wconf 85' lang='lat' dir='ltr'>lacinias</span> <span class='ocrx_word' id='word_1_340' title='bbox 964 2568 1158 2611; x_wconf 86' lang='lat' dir='ltr'>breviter</span> <span class='ocrx_word' id='word_1_341' title='bbox 1204 2569 1390 2610; x_wconf 62' lang='lat' dir='ltr'>liusares</span> <span class='ocrx_word' id='word_1_342' title='bbox 1431 2568 1752 2610; x_wconf 84' lang='lat' dir='ltr'>mucronulatas</span> 
     </span>
     <span class='ocr_line' id='line_1_39' title="bbox 59 2626 1753 2681; baseline 0.001 -13"><span class='ocrx_word' id='word_1_343' title='bbox 59 2626 502 2681; x_wconf 84' lang='lat' dir='ltr'>subbipinnatisectis,</span> <span class='ocrx_word' id='word_1_344' title='bbox 520 2627 719 2681; x_wconf 86' lang='lat' dir='ltr'>capitulis</span> <span class='ocrx_word' id='word_1_345' title='bbox 743 2626 986 2669; x_wconf 85' lang='lat' dir='ltr'>discoideis.</span> <span class='ocrx_word' id='word_1_346' title='bbox 1008 2627 1223 2669; x_wconf 85' lang='lat' dir='ltr'>involucri</span> <span class='ocrx_word' id='word_1_347' title='bbox 1241 2627 1449 2680; x_wconf 83' lang='lat' dir='ltr'>adpresse</span> <span class='ocrx_word' id='word_1_348' title='bbox 1473 2627 1574 2668; x_wconf 86' lang='lat' dir='ltr'>hirti</span> <span class='ocrx_word' id='word_1_349' title='bbox 1592 2627 1753 2680; x_wconf 75' lang='lat' dir='ltr'>phyllis</span> 
     </span>
     <span class='ocr_line' id='line_1_40' title="bbox 60 2683 1752 2740; baseline 0 -14"><span class='ocrx_word' id='word_1_350' title='bbox 60 2683 514 2740; x_wconf 79' lang='lat' dir='ltr'>oblongo-lanceolatis</span> <span class='ocrx_word' id='word_1_351' title='bbox 561 2687 644 2728; x_wconf 89' lang='lat' dir='ltr'>late</span> <span class='ocrx_word' id='word_1_352' title='bbox 691 2685 907 2736; x_wconf 79' lang='lat' dir='ltr'>scariOsis,</span> <span class='ocrx_word' id='word_1_353' title='bbox 953 2685 1213 2738; x_wconf 85' lang='lat' dir='ltr'>receptaculi</span> <span class='ocrx_word' id='word_1_354' title='bbox 1258 2685 1575 2740; x_wconf 77' lang='lat' dir='ltr'>hemispliaerici</span> <span class='ocrx_word' id='word_1_355' title='bbox 1618 2685 1752 2738; x_wconf 85' lang='lat' dir='ltr'>paleis</span> 
     </span>
     <span class='ocr_line' id='line_1_41' title="bbox 60 2744 1753 2798; baseline 0.001 -14"><span class='ocrx_word' id='word_1_356' title='bbox 60 2750 238 2797; x_wconf 85' lang='lat' dir='ltr'>anguste</span> <span class='ocrx_word' id='word_1_357' title='bbox 281 2745 519 2788; x_wconf 85' lang='lat' dir='ltr'>linearibus</span> <span class='ocrx_word' id='word_1_358' title='bbox 558 2745 762 2788; x_wconf 85' lang='lat' dir='ltr'>carinatis</span> <span class='ocrx_word' id='word_1_359' title='bbox 805 2744 1132 2793; x_wconf 85' lang='lat' dir='ltr'>obtusiusculis,</span> <span class='ocrx_word' id='word_1_360' title='bbox 1182 2744 1370 2787; x_wconf 78' lang='lat' dir='ltr'>aelieniis</span> <span class='ocrx_word' id='word_1_361' title='bbox 1416 2744 1753 2798; x_wconf 68' lang='lat' dir='ltr'>persistentibus</span> 
     </span>
     <span class='ocr_line' id='line_1_42' title="bbox 59 2802 1752 2856; baseline 0.001 -14"><span class='ocrx_word' id='word_1_362' title='bbox 59 2802 289 2846; x_wconf 83' lang='lat' dir='ltr'>turbinatis</span> <span class='ocrx_word' id='word_1_363' title='bbox 313 2804 495 2847; x_wconf 79' lang='lat' dir='ltr'>laevibus</span> <span class='ocrx_word' id='word_1_364' title='bbox 518 2804 710 2847; x_wconf 87' lang='lat' dir='ltr'>tenuiter</span> <span class='ocrx_word' id='word_1_365' title='bbox 727 2804 902 2846; x_wconf 88' lang='lat' dir='ltr'>costatis</span> <span class='ocrx_word' id='word_1_366' title='bbox 926 2803 1045 2856; x_wconf 87' lang='lat' dir='ltr'>apice</span> <span class='ocrx_word' id='word_1_367' title='bbox 1065 2804 1276 2846; x_wconf 85' lang='lat' dir='ltr'>truncatis</span> <span class='ocrx_word' id='word_1_368' title='bbox 1295 2803 1540 2845; x_wconf 85' lang='lat' dir='ltr'>umbouatis</span> <span class='ocrx_word' id='word_1_369' title='bbox 1561 2803 1752 2855; x_wconf 84' lang='lat' dir='ltr'>margine</span> 
     </span>
     <span class='ocr_line' id='line_1_43' title="bbox 60 2859 931 2915; baseline 0.005 -15"><span class='ocrx_word' id='word_1_370' title='bbox 60 2859 307 2904; x_wconf 85' lang='lat' dir='ltr'>horizontali</span> <span class='ocrx_word' id='word_1_371' title='bbox 336 2866 519 2915; x_wconf 89' lang='lat' dir='ltr'>angusto</span> <span class='ocrx_word' id='word_1_372' title='bbox 544 2863 837 2905; x_wconf 85' lang='lat' dir='ltr'>crassiusculo</span> <span class='ocrx_word' id='word_1_373' title='bbox 867 2867 931 2913; x_wconf 78' lang='grc' dir='ltr'>Θ.</span> 
     </span>
    </p>
   </div>
   <div class='ocr_carea' id='block_1_11' title="bbox 59 2932 1753 3028">
    <p class='ocr_par' dir='ltr' id='par_1_12' title="bbox 59 2932 1753 3028">
     <span class='ocr_line' id='line_1_44' title="bbox 107 2932 1753 2980; baseline 0.001 -12"><span class='ocrx_word' id='word_1_374' title='bbox 107 2932 206 2969; x_wconf 85' lang='lat' dir='ltr'>Hah.</span> <span class='ocrx_word' id='word_1_375' title='bbox 227 2934 264 2969; x_wconf 91' lang='lat' dir='ltr'>in</span> <span class='ocrx_word' id='word_1_376' title='bbox 286 2935 403 2971; x_wconf 87' lang='lat' dir='ltr'>aridis</span> <span class='ocrx_word' id='word_1_377' title='bbox 422 2936 565 2971; x_wconf 83' lang='lat' dir='ltr'>Persiae</span> <span class='ocrx_word' id='word_1_378' title='bbox 583 2935 766 2971; x_wconf 85' lang='lat' dir='ltr'>australis</span> <span class='ocrx_word' id='word_1_379' title='bbox 784 2935 833 2970; x_wconf 90' lang='lat' dir='ltr'>ad</span> <span class='ocrx_word' id='word_1_380' title='bbox 851 2935 950 2971; x_wconf 85' lang='lat' dir='ltr'>Gere</span> <span class='ocrx_word' id='word_1_381' title='bbox 971 2937 1007 2970; x_wconf 85' lang='lat' dir='ltr'>et</span> <span class='ocrx_word' id='word_1_382' title='bbox 1022 2934 1185 2970; x_wconf 84' lang='lat' dir='ltr'>Dalechi</span> <span class='ocrx_word' id='word_1_383' title='bbox 1203 2934 1292 2980; x_wconf 83' lang='lat' dir='ltr'>(Ky.</span> <span class='ocrx_word' id='word_1_384' title='bbox 1315 2934 1410 2980; x_wconf 79' lang='lat'>531),</span> <span class='ocrx_word' id='word_1_385' title='bbox 1429 2934 1528 2969; x_wconf 89' lang='lat' dir='ltr'>inter</span> <span class='ocrx_word' id='word_1_386' title='bbox 1546 2934 1701 2969; x_wconf 83' lang='lat' dir='ltr'>Kasrun</span> <span class='ocrx_word' id='word_1_387' title='bbox 1717 2936 1753 2969; x_wconf 88' lang='lat' dir='ltr'>et</span> 
     </span>
     <span class='ocr_line' id='line_1_45' title="bbox 59 2976 540 3028; baseline 0.012 -16"><span class='ocrx_word' id='word_1_388' title='bbox 59 2976 289 3027; x_wconf 82' lang='lat' dir='ltr'>Schahpour</span> <span class='ocrx_word' id='word_1_389' title='bbox 309 2982 489 3028; x_wconf 78' lang='lat' dir='ltr'>(Haussk</span> <span class='ocrx_word' id='word_1_390' title='bbox 503 2984 540 3028; x_wconf 89' lang='lat' dir='ltr'>l).</span> 
     </span>
    </p>
   </div>
  </div>
 </body>
</html>
