2095 3276
250 220 324 257 312
982 225 1229 252 composrrAE.
1721 212 1950 250 Anthemis.

252 300 612 356 bipinnatisectiS,
650 297 907 353 pedunculis
949 297 1090 349 longis
1123 308 1210 338 non
1238 294 1509 342 incrassatis,
1537 294 1737 348 capitulis
1768 294 1950 347 magnis⁷

252 359 470 403 involucri
515 358 768 412 glaberrimi
812 356 1096 399 fuscesceutis
1137 354 1301 410 phyllis
1337 353 1510 396 omnino
1547 353 1749 396 scariosis
1795 352 1951 395 lucidis

254 418 504 461 numerosis
530 417 583 459 ab
609 416 805 458 externis
828 414 1080 457 orbiculatis
1107 415 1157 456 ad
1181 413 1337 455 intima
1359 412 1571 455 latissima
1593 412 1953 454 inflato-concava

254 477 416 520 sensim
444 472 1203 527 auctis‚receptaculihemisphaerici
1228 472 1366 526 paleis
1389 470 1562 513 caducis
1576 469 1951 524 angustelineari-

252 535 503 578 lanceolatIS
543 533 814 583 acuminatiS,
841 532 984 585 ligulis
1010 532 1177 574 citrinis
1212 529 1587 583 lineari-ellipticis
1615 530 1733 572 disco
1775 528 1952 571 sublon-

252 595 446 648 gioribus
472 593 683 641 femineis,
710 592 815 634 tubo
846 591 1038 633 omnium
1069 591 1227 632 florum
1260 589 1373 631 hirto
1402 589 1685 630 flosculorum
1705 587 1797 630 basi
1826 587 1952 628 vaide

251 653 491 695 incrassato
527 649 990 704 ovato-quadrangulo,
1029 649 1219 691 acheniis
1255 647 1456 689 omnibus
1500 645 1952 699 tereti-subaugulatis

252 711 343 754 basi
370 710 688 753 subattenuatis
730 709 926 761 fungosis
969 708 1146 750 sulcatis
1186 710 1442 750 transverse
1479 717 1629 759 grosse
1669 703 1955 747 tubex-culatis

251 771 371 825 apice
396 770 563 811 obtusis
589 768 791 810 areolatis
817 768 965 819 calvis,
993 767 1186 809 externis
1210 765 1490 808 subincurvis
1515 764 1792 807 brevioribus
1822 767 1889 814 O.

299 850 402 885 Hab.
424 850 464 885 in
483 849 599 885 cultis
629 848 752 894 Syriae
771 848 821 883 ad
848 848 999 930 Aleppo
1029 847 1267 892 (Rousseaul
1288 846 1412 882 Auch.
1431 845 1539 882 32891
1566 846 1638 892 Ky.
1656 845 1719 881 971
1743 845 1955 892 Hausskl),

254 898 477 933 Antilibani
505 907 626 942 prope
656 896 819 931 Dounar
842 895 950 940 (Gail
975 896 1015 940 l),
1040 894 1335 941 Mesopotamiae
1369 894 1408 928 in
1435 893 1587 929 deserto
1608 893 1658 928 ad
1676 893 1770 928 fluv.
1789 893 1955 928 Chabur

256 944 481 989 (Hausskl).
498 944 553 978 Fl.
576 954 679 978 vere.

279 1010 439 1064 ‘Planta
457 1020 559 1056 saepe
578 1008 726 1055 pedalis
746 1007 926 1054 capitulis
944 1007 1099 1052 magnis
1116 1007 1265 1042 citrinis
1285 1009 1321 1042 et
1335 1006 1539 1042 involucro
1555 1005 1726 1041 scarioso
1745 1003 1955 1050 elegantis-

255 1067 353 1092 sima

314 1182 384 1223 73.
421 1181 479 1225 A.
509 1178 961 1234 Persepolitana
1003 1176 1173 1232 (Boiss.
1206 1177 1357 1230 Diagn.
1392 1176 1484 1219 Ser.
1513 1175 1544 1229 Ι,
1576 1177 1643 1228 11,
1670 1187 1711 1229 p.
1744 1173 1801 1229 7)
1826 1187 1957 1229 parce

252 1242 429 1290 hirtulei,
455 1239 649 1283 caulibus
676 1237 852 1293 pumilis
880 1236 1215 1279 ascendentibus
1238 1235 1510 1290 simplicibus
1533 1237 1575 1277 et
1598 1245 1728 1289 parce
1751 1234 1951 1286 ramosis,

254 1299 368 1342 foliis
391 1299 554 1341 ambitu
578 1296 951 1349 lineari-oblongis
976 1295 1323 1350 bipinnatisectis
1343 1294 1578 1348 segmentis
1610 1293 1884 1335 brevissimis
1911 1293 1956 1336 in

255 1359 423 1401 lobulos
446 1369 605 1413 paucos
624 1356 979 1407 ovato-oblongos
1000 1355 1178 1397 obtusos
1204 1355 1530 1396 muci-cuulatos
1545 1353 1763 1395 confertos
1787 1352 1958 1405 divisis,

254 1417 501 1472 pedunculo
540 1417 712 1458 demum
752 1416 825 1456 vix
862 1415 1117 1466 incrassato,
1154 1413 1354 1467 capitulis
1392 1411 1699 1460 mediocribus,
1735 1409 1951 1453 involucri

253 1476 392 1529 glabri
421 1476 578 1528 phyllis
618 1475 791 1516 omnino
831 1472 1035 1515 scariosis
1073 1472 1244 1526 pallidis
1280 1472 1504 1514 cucullatis
1543 1470 1729 1512 erosulis
1766 1469 1818 1511 ab
1852 1470 1950 1511 infi-

255 1535 338 1576 mis
381 1534 630 1576 orbiculatis
663 1534 717 1575 ad
742 1532 951 1574 interiora
985 1534 1110 1573 ovata
1143 1531 1293 1579 auctis,
1330 1529 1592 1585 receptaculi
1631 1526 1949 1582 hem1spbaerici

256 1593 393 1648 paleis
426 1596 608 1645 anguste
648 1590 1071 1634 lineari-lanceolatis
1104 1589 1373 1637 acuminatis,
1414 1588 1558 1642 ligulis
1583 1600 1606 1630 e
1640 1588 1751 1630 sicco
1796 1587 1956 1640 pallide

256 1651 382 1694 flavis
418 1651 612 1694 breviter
641 1651 778 1694 ovatis
809 1649 925 1692 d1sco
960 1649 1249 1697 brevioribus,
1279 1649 1472 1690 omnium
1501 1648 1658 1690 florum
1684 1646 1787 1690 tubo
1821 1647 1952 1696 hirto,

257 1711 446 1753 acheniis
453 1742 519 1752 .....
544 1715 608 1760 Θ.

288 1783 402 1877 'Habj
421 1784 461 1818 in
476 1782 635 1830 planitie
656 1792 777 1828 prope
806 1781 940 1817 ruinas
967 1780 1186 1828 Persepolis
1207 1781 1458 1827 P»1·siae(Ky.
1489 1791 1568 1816 exs.
1596 1780 1667 1815 249
1690 1779 1765 1814 sub
1799 1778 1848 1814 A.
1870 1788 1957 1814 sea·

254 1841 378 1867 rzosa.
405 1859 411 1864 .

303 1894 446 1930 Caules
463 1893 761 1940 4-5-pollicares‚
781 1892 952 1939 capitula
966 1892 1132 1928 dimidio
1151 1892 1305 1928 minora
1323 1892 1380 1927 eis
1401 1892 1449 1927 A.
1471 1893 1656 1927 scarz'osre
1675 1900 1744 1937 pro
1765 1892 1844 1936 qua
1867 1899 1955 1924 eam

256 1942 378 1977 habui
399 1945 437 1977 et
449 1952 473 1976 a
490 1944 569 1988 qua
583 1941 713 1975 differt
731 1940 838 1975 f01i01
849 1950 914 1975 um
933 1940 1058 1975 multo
1077 1940 1275 1975 minorum
1294 1939 1446 1975 laciniis
1461 1939 1721 1983 brevissimis,
1736 1936 1955 1982 ligularum

255 1989 383 2025 forma
399 1992 436 2024 et
453 1989 655 2032 brevitate,
674 1988 797 2034 paleis
818 1987 1127 2032 angustioribus,
1148 1990 1217 2022 etc.

317 2121 383 2162 74.
419 2120 477 2163 A.
511 2119 716 2163 ciliata
750 2118 961 2174 (Trantv.
986 2118 1047 2160 Pl.
1081 2117 1188 2161 Nov.
1216 2131 1255 2172 p.
1278 2119 1319 2166 4,
1348 2118 1391 2159 in
1428 2118 1540 2160 Bull.
1563 2117 1658 2160 Nat.
1680 2116 1814 2170 Mosq.
1847 2118 1960 2161 1868

254 2180 337 2222 sub
361 2178 601 2233 Anacyclo)
625 2179 707 2220 sub
726 2178 840 2220 lente
874 2189 1000 2230 parce
1026 2177 1175 2232 pilosa,
1212 2178 1335 2219 caule
1376 2177 1570 2219 flexuoso
1597 2176 1795 2218 villosulo
1826 2187 1957 2230 parce

253 2251 423 2281 ramoso
453 2238 584 2280 ramis
609 2236 945 2290 monocephalis,
984 2236 1095 2278 foliis
1132 2237 1298 2278 ambitu
1321 2235 1518 2289 oblongis
1544 2236 1589 2277 in
1612 2235 1786 2277 lacinias
1812 2234 1957 2278 tenui-

252 2300 321 2340 ter
339 2298 528 2340 lineares
551 2296 829 2350 divergentes
847 2298 995 2337 acutas
1016 2295 1340 2337 mucronulatas
1358 2293 1773 2348 2-3-pinnatisectis,
1788 2294 1958 2348 pedun-

253 2357 361 2399 culis
390 2356 527 2410 longis
551 2367 636 2398 non
660 2354 930 2405 incrassatis,
971 2354 1172 2408 capitulis
1209 2353 1476 2407 majusculis,
1516 2352 1732 2395 involucri
1766 2351 1959 2396 villosuli

256 2415 416 2468 phyllis
437 2415 598 2469 pallide
623 2415 847 2457 herbaceis
872 2416 1055 2467 anguste
1098 2412 1426 2455 membranaceo
1439 2411 1714 2464 -marginatis
1755 2411 1955 2464 oblongis

256 2473 585 2524 obtusiusculis‚
601 2473 865 2528 receptaculi
888 2472 1204 2526 llemisphaerici
1232 2471 1368 2524 paleis
1393 2469 1731 2512 membranaceis
1757 2468 1957 2522 oblongis

255 2531 300 2575 in
325 2532 551 2586 cuspidem
577 2533 694 2575 disco
717 2531 964 2574 breviorem
988 2531 1182 2574 breviter
1203 2528 1617 2584 angustatis,ligulis
1644 2529 1772 2572 luteis
1798 2527 1957 2582 ellipti-

258 2592 318 2633 cis
356 2592 473 2633 disco
513 2591 644 2645 duplo
690 2591 959 2644 longioribus
999 2591 1198 2633 femineis
1223 2624 1233 2642 ‚
1277 2588 1380 2632 tubo
1429 2588 1625 2631 omnium
1671 2588 1960 2630 flosculorum

259 2650 612 2704 setoso-hispido,
636 2650 825 2692 acheniis
831 2683 900 2691 .....
930 2655 976 2700 Θ
995 2650 1016 2691 ⁶?

303 2733 404 2768 Hab.
422 2733 464 2769 in
482 2733 626 2768 Grusia
647 2733 857 2768 Caucasica
878 2732 1122 2779 (Lagowsky
1132 2734 1159 2778 l)
1177 2732 1239 2777 (V.
1265 2741 1364 2779 spec.
1384 2732 1424 2767 in
1455 2730 1562 2767 herb.
1583 2731 1628 2767 cl.
1648 2730 1841 2775 Trautv.).

303 2804 398 2839 Pars
429 2805 589 2839 inferior
608 2804 752 2851 plantae.
779 2805 927 2849 ignota,
946 2815 996 2839 an
1016 2807 1150 2840 revera
1168 2804 1328 2839 annua?
1344 2803 1505 2846 Habitu,
1524 2803 1641 2842 foliis,
1660 2802 1821 2837 floribus
1851 2800 1962 2836 simi-

257 2850 306 2886 lis
327 2852 376 2886 A.
395 2852 579 2887 scariosoe
596 2862 672 2887 nc,
692 2862 779 2898 quae
799 2856 931 2886 tamen
949 2852 1102 2897 egregie
1123 2851 1252 2887 differt
1270 2850 1419 2897 phyllis
1438 2850 1530 2885 latis
1548 2849 1776 2885 orbiculatis
1795 2848 1960 2884 omnino

258 2899 452 2934 scariosis.
476 2899 638 2934 Fructus
660 2900 831 2944 ignotus,
858 2900 926 2934 sed
952 2898 1154 2945 Anacyclo
1172 2908 1250 2934 non
1271 2896 1568 2932 adnumeranda
1586 2896 1742 2932 videtur
1758 2899 1796 2932 et
1813 2895 1954 2931 tubum

258 2945 491 2980 corollinum
501 2956 578 2981 non
598 2946 724 2992 magis
744 2956 863 2992 quam
879 2946 918 2981 in
933 2946 1053 2982 variis
1073 2945 1320 2981 Antlzemz'dz's
1338 2945 1541 2991 speciebus
1557 2943 1954 2990 alato-compressum

259 2994 297 3026 et
314 2992 486 3038 pilosum
506 2995 574 3037 est,
593 2993 698 3040 quod
716 2993 757 3027 in
776 2992 979 3040 Anacyclo
998 3003 1077 3028 non
1092 2993 1272 3028 occurrit.
