2066 3311
108 231 367 267 Taraoeacum
379 258 385 264 .
830 236 1076 262 COMPOSITAE.
1733 227 1801 262 791

102 310 278 353 thulatis
307 310 350 351 in
378 308 585 362 petiolum
612 306 844 351 attenuatis
873 310 996 349 acute
1018 307 1471 359 runcinam-dentatis,
1493 307 1635 361 scapis
1659 308 1802 350 tenui-

103 370 184 411 bus
211 368 337 411 hirtis
363 367 475 410 soliis
503 366 793 418 brevioribus,
818 366 1020 419 capitulis
1048 365 1297 419 cylindricis
1322 365 1573 419 paucissoris
1601 366 1798 417 minutis,

102 427 314 471 involucri
333 427 446 479 nigri
466 425 623 479 phyllis
642 425 817 467 hirtulis
835 423 1003 466 obtusis
1021 427 1202 477 anguste
1223 424 1644 467 lineari-lanceolatis
1663 428 1802 467 exter·

102 487 168 528 nis
193 488 216 527 2
238 485 291 540 ¹s2
317 486 388 539 plo
414 484 706 531 brevioribus,
731 483 921 525 acheniis
945 483 1145 536 elliplicis
1171 484 1437 536 compressis
1463 496 1589 536 parce
1613 484 1801 527 muricu-

103 545 199 587 latis
225 545 345 599 apice
374 544 558 596 abrupte
584 544 626 585 in
654 545 847 585 rostrum
874 541 1182 584 brevissimum
1212 554 1409 584 crassum
1437 542 1697 585 abeuntibus
1735 549 1797 590 26.

148 617 251 652 Hab.
273 618 313 652 in
333 616 537 652 montibus
558 616 756 651 Armeniae
774 615 948 650 Turcicae
972 615 1021 649 ad
1044 614 1236 650 Alischeri
1257 614 1374 650 Khan
1395 615 1494 650 inter
1515 616 1799 661 Trapezuntem

101 667 140 700 et
157 664 300 699 Baibut
317 663 421 699 6200·
439 663 525 708 (ΚΥ.
545 662 680 709 Suppl.
699 662 814 706 6491).

147 729 259 764 Folia
277 728 561 775 2-3-1)ollica1·ia
581 737 749 773 superne
766 727 829 762 5-7
845 725 969 762 lineas
990 726 1079 768 lata,
1096 726 1268 771 capitula
1286 726 1417 761 tenuia
1437 726 1588 761 minuta
1608 726 1647 762 T.
1663 726 1799 773 Bithy-

99 775 179 812 m'cz'
194 787 215 811 a
238 787 315 822 quo
334 776 464 811 dissert
482 775 586 809 foliis
606 774 697 810 latis
716 784 793 809 non
816 773 1248 820 pinnatisecto-lyratis⁷
1269 774 1394 820 scapis
1413 773 1664 818 abbreviatis,
1682 774 1798 820 phyl-

98 823 147 858 lis
166 823 338 859 externis
355 822 548 868 angustis.

163 939 226 979 10.
253 937 305 979 T.
329 937 645 980 Assemani
673 935 880 992 (Blanche
904 935 945 976 in
971 934 1073 988 litt.)
1101 947 1226 988 parce
1247 934 1471 985 hirtulum,
1488 935 1631 977 radice
1649 937 1795 978 crassa

96 996 221 1039 brevi
251 996 457 1047 vertis-ali,
483 996 590 1038 collo
617 995 845 1049 cespstoso,
872 995 985 1036 foliis
1013 995 1194 1047 oblongo
1223 998 1264 1035 et
1292 993 1720 1036 lineari-lanceolatis
1746 995 1790 1036 in

94 1055 302 1109 petiolum
326 1055 503 1097 brevem
531 1054 764 1097 attenuatis
787 1053 988 1095 indivisis
1023 1052 1210 1095 dentatis
1234 1053 1302 1095 vel
1327 1054 1369 1094 in
1403 1053 1578 1095 lacinias
1602 1053 1797 1106 triangu-

95 1116 209 1157 lares
236 1117 383 1156 acutas
412 1118 628 1156 retrorsas
656 1112 970 1167 pinnatisectis‚
998 1113 1138 1165 scapis
1166 1111 1370 1154 tenuibus
1399 1112 1510 1154 foliis
1537 1112 1792 1165 aequilongis

96 1173 163 1214 vel
191 1172 409 1226 subduplo
435 1172 716 1225 longioribus,
739 1171 939 1224 capitulis
965 1171 1113 1225 parvis
1142 1169 1618 1224 obconico-cylindricis
1649 1170 1794 1224 pauci-

97 1231 234 1283 ssoris,
256 1231 468 1273 involucri
494 1231 631 1284 glabri
654 1231 814 1284 phyllis
839 1230 1032 1272 externis
1056 1229 1185 1283 triplo
1208 1229 1484 1272 brevioribus
1507 1231 1597 1271 fere
1618 1229 1792 1272 omnino

96 1290 438 1333 membranaceis
475 1289 668 1332 breviter
703 1289 952 1332 lanceolatis
990 1288 1272 1331 interioribus
1310 1288 1563 1341 linearibus,
1601 1287 1793 1330 acheniis

95 1349 260 1392 striatis
295 1348 552 1402 prismaticis
579 1349 783 1403 utrinque
807 1347 1040 1390 attenuatis
1064 1347 1244 1389 laevibus
1268 1348 1336 1389 vel
1364 1359 1491 1401 parce
1522 1347 1791 1389 muriculatis

96 1419 286 1461 superne
310 1408 470 1449 sensim
495 1408 538 1450 in
563 1411 754 1450 rostrum
787 1408 920 1450 breve
953 1418 1147 1449 crassum
1176 1406 1336 1460 saepius
1368 1407 1420 1448 ab
1444 1406 1621 1449 acbenio
1653 1406 1789 1448 indis-

95 1466 277 1509 tinctum
300 1466 532 1509 attenuatis
567 1473 628 1514 26.
652 1467 693 1508 T.
714 1465 1001 1519 Bitlefflu'emn
1026 1464 1166 1508 Boiss.
1191 1466 1234 1507 in
1255 1465 1400 1506 Heldr.
1427 1468 1468 1506 et
1490 1466 1570 1519 ΚΥ.
1595 1477 1681 1508 exs.
1705 1477 1790 1507 non

95 1538 172 1567 uc.
199 1550 254 1554 -—
275 1524 529 1566 He'eracc'zcm
556 1524 862 1566 taraoeacoides
890 1523 1077 1566 Ehrenb.
1106 1524 1224 1566 herb.
1254 1524 1362 1566 Mus.
1391 1523 1541 1566 Berol!

143 1598 245 1633 Hab.
267 1598 306 1633 in
330 1598 508 1633 herbidis
539 1598 712 1632 humidis
739 1597 777 1632 al
809 1597 897 1641 inis,
918 1607 1030 1633 mons
1049 1598 1221 1632 Anemas
1242 1597 1451 1642 Lycaoniae
1471 1597 1657 1642 (HeldrO,
1678 1607 1790 1632 mons

96 1643 283 1680 Metdesis
313 1645 433 1680 Tauri
462 1645 609 1680 Cilicici
637 1644 741 1680 9000·
760 1647 775 1688 (
792 1645 850 1689 (y.
872 1644 947 1679 sub
972 1644 1013 1680 T.
1035 1645 1198 1680 minimo
1220 1644 1334 1689 1521),
1353 1644 1529 1679 Libanus
1560 1645 1598 1679 in
1625 1644 1791 1679 summis

95 1690 270 1727 Makmel
287 1692 390 1727 8500'
408 1692 501 1737 (ΚΥ.
525 1692 609 1727 295!
628 1694 664 1727 et
681 1692 796 1736 3590,
814 1692 862 1726 ad
883 1692 1009 1727 fontes
1028 1695 1064 1727 et
1081 1692 1230 1727 rivulos
1249 1702 1367 1737 supra
1387 1692 1544 1727 Dimam
1563 1694 1599 1727 et
1616 1691 1665 1726 ad
1686 1691 1787 1726 Has-

93 1748 165 1772 run
185 1738 294 1784 (ΒΗ),
315 1740 353 1774 in
372 1739 458 1785 alpe
478 1739 706 1775 Ssebsekuh
725 1739 867 1774 Persiae
886 1739 1072 1774 australis
1092 1739 1138 1774 ad
1160 1739 1271 1774 nives
1292 1739 1513 1783 (Haussk!).

138 1801 273 1837 Facies
297 1801 337 1838 T.
357 1801 559 1849 Bz‘thym'ce'
573 1802 636 1837 cui
665 1803 774 1848 prius
804 1802 1154 1838 adnumeraveram
1190 1802 1256 1837 sed
1286 1801 1415 1837 differt
1434 1802 1561 1837 radice
1591 1802 1789 1846 crassiore,

93 1847 197 1883 foliis
216 1850 433 1895 majoribus
453 1850 584 1885 minus
599 1849 790 1895 profunde
808 1849 946 1884 divisis
966 1852 1003 1884 et
1021 1849 1239 1895 praesertim
1255 1851 1361 1884 costa
1377 1849 1567 1885 crassiore
1583 1848 1787 1895 percursis,

92 1895 240 1941 phyllis
259 1897 427 1932 externis
446 1896 652 1942 elongatis,
673 1896 848 1931 acheniis
868 1896 1115 1941 longioribus
1127 1896 1275 1931 sensim
1295 1898 1331 1931 et
1349 1896 1464 1941 longe
1481 1906 1550 1932 nec
1567 1896 1788 1943 abruptius-

89 1942 177 1978 cule
195 1944 232 1978 et
248 1943 478 1979 brevissime
498 1944 606 1990 apice
627 1944 852 1988 attenuatis;
867 1954 889 1978 a
910 1943 949 1979 T.
963 1943 1234 1990 stenocephalo
1251 1942 1356 1978 foliis
1375 1943 1553 1989 angustis
1572 1946 1609 1979 et
1627 1953 1787 1990 praeser-

91 1989 163 2024 tim
181 1990 354 2026 acheniis
373 1991 517 2026 sensim
537 1993 573 2025 et
591 1991 707 2036 longe
725 1991 934 2026 attenuatis
954 2001 1024 2026 nec
1043 1992 1150 2037 apice
1174 1990 1339 2037 abrupte
1358 1994 1394 2027 et
1413 1991 1584 2026 breviter
1604 1992 1789 2036 angusta-

91 2036 140 2071 tis
160 2039 220 2072 sat
238 2038 465 2073 distinctum
485 2037 638 2074 videtur

576 2184 894 2234 cfloNnmLLA
933 2185 996 2247 (L.
1038 2186 1135 2233 Gen.
1176 2186 1298 2246 910).

151 2328 396 2384 Capitulum
419 2330 705 2384 paucissorum
727 2330 920 2374 flosculis
946 2331 1236 2374 biserialibus.
1267 2331 1546 2374 Involucrum
1575 2331 1787 2385 calycula-

92 2390 183 2430 tum
195 2388 869 2443 oligophyllum.Receptaculum
891 2390 1071 2433 nudum.
1085 2390 1273 2432 Achenia
1289 2391 1523 2432 conformia
1543 2392 1787 2445 pentagona

91 2446 236 2489 rarius
260 2448 383 2489 laevia
421 2447 581 2501 saepius
617 2448 746 2490 costis
773 2460 964 2502 superne
996 2448 1526 2504 squammoso-muricatis
1562 2460 1785 2502 percursa,

90 2505 334 2559 squamulis
356 2517 548 2560 superne
572 2507 732 2560 saepius
753 2506 963 2561 elongatis
994 2507 1036 2549 in
1074 2507 1326 2550 coronulam
1346 2508 1534 2560 patulam
1573 2507 1776 2549 dilatatis.

89 2563 298 2606 Rostrum
330 2563 502 2618 longum
538 2564 738 2607 filiforme
764 2565 834 2607 vel
869 2566 999 2608 breve
1030 2578 1241 2615 crassum,
1274 2565 1495 2608 interdum
1519 2565 1702 2608 nullum.
1730 2590 1784 2596 -

88 2621 244 2663 Herbae
265 2622 446 2666 biennes
471 2623 781 2666 ramosissimae
802 2625 935 2667 ramis
955 2625 1132 2678 virgatiS
1148 2625 1359 2667 intricatis
1383 2625 1556 2666 demum
1581 2624 1781 2678 aphyllis.

91 2678 239 2723 Genus
261 2682 542 2724 acheniorum
567 2685 790 2725 structura
814 2683 1020 2726 variabile
1046 2684 1122 2726 sed
1148 2684 1252 2726 facie
1277 2682 1401 2725 valde
1424 2684 1634 2725 naturale.

154 2813 189 2854 1.
224 2812 277 2856 C.
310 2813 731 2858 ramosissima
766 2813 922 2870 (Sibth.
946 2818 989 2857 et
1015 2814 1102 2857 Sm.
1121 2815 1182 2857 Fl.
1203 2814 1276 2857 Gr.
1296 2815 1409 2868 VIII,
1427 2829 1469 2870 p.
1490 2816 1556 2867 70,
1575 2814 1657 2858 tab.
1680 2816 1782 2870 795)

89 2869 233 2913 radice
260 2872 468 2923 verticali‚
492 2874 613 2916 caule
636 2884 785 2916 crasso
808 2873 1016 2927 adpresse
1039 2885 1143 2916 cano
1165 2877 1207 2916 et
1231 2873 1425 2916 breviter
1448 2874 1659 2917 muricato
1681 2885 1782 2929 pro-

89 2929 222 2972 funde
255 2930 419 2974 sulcato
452 2934 495 2973 et
531 2934 653 2974 acute
685 2933 888 2986 angulato
926 2933 970 2974 in
1004 2944 1149 2975 ramos
1184 2945 1355 2975 crassos
1392 2933 1549 2974 breves
1585 2935 1784 2976 arcuatos

89 2987 209 3040 apice
235 2991 458 3032 truncatos
484 2989 754 3033 divaricatim
780 2992 1091 3043 ramosissimo,
1115 2991 1227 3033 foliis
1253 2990 1515 3034 radicalibus
1542 2995 1584 3034 ct
1609 2991 1784 3034 inferio-
