2095 3206
250 215 323 253 182
981 217 1229 244 COMPOSITAE.
1542 202 1942 253 Chrysophthalmum
1951 226 1960 234 .

317 298 352 337 1.
389 294 486 337 Ch.
516 294 875 335 montanum
908 288 1036 344 (Dc.
1070 288 1226 330 Prodr.
1254 286 1349 341 VII,
1386 300 1428 341 p.
1465 286 1548 328 287
1584 285 1666 328 sub
1693 281 1914 337 Ceruami)
1941 295 1964 325 e

250 355 490 397 rhizomate
530 352 697 404 lignoso
736 349 992 404 plui-icaule,
1033 348 1230 390 caulibus
1265 346 1422 389 erectis
1459 345 1624 387 foliosis
1665 343 1964 387 strictiuseule

250 411 522 466 corymbosis
574 409 881 463 l-B-Ceplialis,
932 406 1042 449 soliis
1090 405 1387 459 integerrimis
1438 404 1664 447 tui-ionum
1714 401 1964 446 lanceolatis

250 472 463 524 adpresse
485 469 682 523 argyreis
707 468 749 509 in
775 467 984 521 petiolum
1011 466 1138 518 longe
1161 464 1397 507 attenuatis
1421 462 1726 517 superioribus
1758 459 1964 514 oblongo·

251 529 504 572 lanceolatis
527 527 755 571 sessilibus
775 525 1159 577 viridesceutibus,
1186 522 1389 578 capitulis
1407 522 1555 576 parvis
1574 522 1783 575 depresse
1803 521 1963 562 hemis—

249 588 454 643 pllaerieis
503 585 811 640 pedunculatis
863 585 955 626 basi
1008 586 1081 625 2-3
1127 582 1315 625 bracteis
1362 578 1861 624 lanceolam-linearibus
1912 591 1962 621 ea

249 646 527 701 aequantibus
569 646 637 688 vel
681 643 994 697 superantibus
1036 642 1244 695 suillium,
1286 640 1503 683 involucri
1548 640 1708 694 phyllis
1751 639 1961 692 adpresse

248 705 584 748 canescentibus
607 702 1038 745 lineari-lanceolatis
1055 701 1422 755 adpressissimis‚
1440 699 1633 741 flosculis
1654 699 1803 754 paucis
1825 699 1962 744 inter·

248 765 353 806 dum
389 764 587 805 femineis
630 769 688 810 24-
740 761 812 803 Cla.
843 764 1098 802 ammianum
1130 760 1264 805 Boiss.
1299 760 1451 812 Diagn.
1492 759 1585 802 Ser.
1614 759 1647 812 I,
1677 761 1742 811 11,
1768 772 1807 813 p.
1833 761 1873 802 4.
1906 786 1960 791 —

248 822 323 865 Cle..
350 821 721 863 sternutatorium
746 820 843 863 Seli.
870 820 916 862 Bi
925 833 962 873 p.
988 820 1031 861 in
1054 820 1132 873 ΚΥ.
1158 831 1248 862 exs.

294 897 395 931 Hah.
415 896 464 931 ad
484 906 600 942 rupes
629 895 805 940 regionis
832 897 1045 935 montame,
1064 894 1219 929 Taurus
1242 893 1427 929 Cilicicus
1446 892 1496 928 ad
1519 893 1651 929 Gulek
1679 891 1840 938 Boghaz
1861 891 1959 938 (Kyl

245 944 367 988 Ball),
384 943 499 989 Syria
517 943 598 978 bor.
619 953 741 989 prope
761 942 907 977 Ainlah
929 942 1065 986 (Auch.
1085 941 1196 977 3223!
1222 940 1428 985 HausskD,
1452 951 1567 976 mons
1586 939 1812 985 Seherdagh
1838 950 1960 987 prope

246 989 677 1074 ἓξὲἰῖῐῖῖῗῃὲξῑῖἒῶῖῖἓῐ),
697 999 812 1024 mons
831 990 936 1024 Gara
959 989 1222 1024 Kurdistaniae
1241 988 1333 1033 (ΚΥ.
1353 988 1463 1033 3142)
1480 988 1536 1023 Fl.
1556 988 1633 1024 Jul.
1652 988 1777 1024 Radix
1795 997 1961 1033 graveo-

296 1101 439 1136 Caules
458 1101 619 1148 pedales
638 1103 675 1135 et
692 1099 942 1146 proceriores,
961 1099 1054 1134 folia
1072 1097 1248 1145 2-3-p011.
1267 1098 1399 1144 longa,
1417 1098 1591 1145 capitula
1608 1098 1694 1144 piso
1714 1098 1957 1144 submaj0ra.

306 1227 343 1267 2,
380 1224 478 1268 Ch.
517 1223 926 1268 dichotomum
961 1223 1119 1273 (Boiss.
1146 1226 1189 1265 et
1213 1222 1362 1265 Heldr.
1387 1222 1540 1276 Diagn.
1568 1223 1663 1264 Ser.
1688 1222 1720 1275 Ι,
1750 1224 1819 1275 11,
1841 1237 1882 1278 p.
1909 1224 1955 1279 5)

244 1285 326 1328 sub
346 1287 461 1327 lente
487 1285 651 1326 minute
671 1283 1173 1337 papi![oso-puberulum
1191 1282 1243 1325 ad
1263 1281 1422 1325 collum
1444 1281 1651 1331 lanatum,
1669 1283 1792 1324 caule
1810 1287 1955 1327 erecto

243 1344 534 1388 crassiuscnlo
561 1357 583 1384 a
611 1343 752 1384 medio
780 1343 973 1385 flexuoso
1000 1342 1243 1384 dicliolome
1265 1345 1308 1382 et
1326 1341 1600 1384 divariealim
1623 1354 1796 1384 ramoso
1821 1344 1956 1386 ramis

242 1403 568 1457 monocephalis
591 1403 712 1456 apice
737 1401 1193 1447 elavato-incrassatis,
1218 1401 1331 1444 foliis
1359 1400 1658 1453 integerrimis
1686 1401 1884 1454 oblongis
1912 1406 1956 1446 et

241 1461 702 1515 oblongo-lanceolatis
722 1461 1036 1502 oliiusiuseulis
1056 1459 1339 1502 inseriOribus
1363 1463 1406 1501 et
1426 1460 1651 1502 turionum
1676 1460 1719 1501 in
1745 1460 1955 1514 petiolum

241 1522 421 1572 longum
446 1521 681 1562 attenuatis
705 1520 873 1562 caeteris
890 1519 1132 1571 sessilibus,
1157 1519 1358 1573 capitulis
1375 1519 1954 1572 hemisphzerico-depressis

244 1580 434 1623 bracteis
472 1579 667 1633 oblongis
707 1579 999 1631 inaequalibus
1033 1578 1214 1620 deflexis
1247 1578 1309 1620 eis
1338 1590 1454 1632 saepe
1480 1578 1753 1632 longioribus
1780 1577 1954 1621 involu-

241 1639 387 1683 eratis.
426 1638 643 1681 involucri
680 1638 841 1692 phyllis
875 1638 1098 1691 adpressis
1128 1637 1258 1680 dorso
1294 1637 1423 1679 hirtis
1450 1637 1645 1680 externis
1670 1637 1951 1680 brevioribus

240 1697 485 1740 linearibus
509 1697 677 1740 obtusis
699 1697 867 1740 ezeleris
892 1697 1131 1739 linearibus
1154 1696 1304 1745 acutis,
1333 1696 1527 1739 flosculis
1555 1696 1759 1739 omnibus
1783 1696 1952 1738 berma-

239 1757 470 1810 phroditis,
496 1758 626 1811 pappi
651 1757 756 1798 selis
783 1756 1057 1798 brevissimis
1092 1762 1150 1802 24.

241 1878 263 1914 J
289 1831 389 1867 Hah.
410 1832 450 1867 in
476 1832 630 1867 saxosis
649 1831 770 1867 Tauri
794 1830 1043 1877 Pamphylici
1067 1831 1168 1866 inter
1191 1830 1317 1866 Marla
1343 1833 1382 1866 et
1401 1829 1540 1865 Adalia
1560 1830 1664 1866 1500‘
1691 1829 1834 1873 (Heldr
1846 1832 1872 1875 l)
1890 1829 1954 1866 Fl.

266 1880 320 1914 ul.

289 1944 444 1987 Pedale‚
464 1955 487 1979 a
507 1943 749 1990 przecedente
768 1942 999 1978 indumento
1019 1952 1097 1977 non
1114 1942 1271 1985 sericeo,
1286 1941 1520 1987 pedunculis
1535 1941 1952 1984 clavato-incrassatis,

239 1992 425 2038 capitulis
443 1991 644 2038 subduplo
664 1990 891 2036 1naj0ribus,
911 2000 1040 2036 pappo
1060 1989 1308 2033 brevissimo,
1327 1992 1394 2024 etc.
1413 1989 1653 2024 distinctum.

761 2129 938 2177 l‘os'm
978 2129 1126 2190 (iloiss.
1161 2133 1200 2177 et
1235 2129 1439 2189 Blanollc).

301 2271 549 2326 Capitulum
599 2271 886 2313 multiflorum
939 2270 1154 2312 radiatum
1204 2268 1273 2313 vel
1325 2270 1609 2314 discoideum.
1669 2271 1950 2315 Involucrum

240 2332 453 2385 adpresse
480 2331 755 2373 imbricatnm
781 2329 1136 2372 subbiseriatnm.
1159 2329 1502 2383 Receptaculum
1528 2329 1792 2383 paleaeeum.
1829 2331 1951 2374 Flos-

241 2391 325 2434 culi
355 2391 615 2443 margmales
635 2389 810 2431 feminei
830 2389 897 2431 vel
920 2389 1087 2441 ligulati
1110 2389 1373 2431 uniseriales
1390 2388 1615 2431 tridentati
1635 2389 1700 2431 vel
1725 2389 1950 2433 filiformes

237 2450 489 2504 paucissimi
515 2449 738 2491 interdum
763 2447 888 2490 nulli.
914 2448 1121 2490 Antlicrae
1149 2448 1343 2491 breviter
1369 2448 1575 2490 caudatfe.
1602 2448 1793 2491 Aelienia
1817 2451 1952 2492 tetra-

239 2508 710 2562 gono—subeompressa
751 2508 863 2548 liirla
898 2506 1134 2549 conformia
1166 2507 1309 2549 omnia
1335 2519 1542 2561 papposa.
1585 2507 1762 2561 Pappus
1789 2508 1952 2561 duplex

239 2568 434 2610 exterior
461 2567 559 2621 pilis
584 2566 862 2609 brevissimis
890 2566 1232 2620 persistentibus
1264 2565 1452 2608 interior
1487 2567 1626 2620 paleis
1667 2567 1740 2609 2-3
1777 2567 1952 2611 caducis

237 2626 452 2679 elongatis
481 2627 602 2680 apice
640 2625 887 2667 barbellatis
926 2628 1143 2668 constans.
1187 2649 1243 2656 -—
1280 2625 1438 2668 Herbae
1464 2624 1621 2667 lanatae
1653 2638 1677 2667 a
1712 2625 1951 2669 rhizomate

239 2697 390 2728 crasso
417 2685 701 2728 multicaules.
727 2709 781 2716 -
804 2683 953 2727 Genus
974 2685 1100 2726 aliine
1127 2683 1381 2735 monterio,
1403 2684 1455 2726 ab
1478 2694 1528 2727 eo
1550 2685 1766 2727 involucri
1791 2685 1954 2738 phyllis

237 2757 325 2787 non
350 2745 619 2798 squam-osis,
651 2743 841 2786 aclicniis
877 2743 1079 2786 omnibus
1111 2744 1330 2797 papposis‚
1357 2754 1499 2797 pappo
1535 2756 1623 2785 non
1648 2743 1836 2798 simplici
1872 2745 1952 2787 sed

236 2802 399 2857 duplici
430 2803 698 2845 distinctum.
741 2827 796 2833 -—
837 2802 896 2845 Cl.
922 2802 1094 2845 Doctori
1123 2803 1229 2844 Post
1252 2802 1328 2857 qui
1352 2802 1526 2856 plantas
1558 2803 1710 2856 plures
1745 2814 1883 2845 novas
1906 2803 1952 2844 in

241 2861 372 2914 Syria
401 2861 564 2905 detexit
591 2861 845 2904 dicavimus.

306 2988 341 3029 1.
375 2985 435 3029 P.
461 2985 826 3043 lanuginosa
851 2985 973 3042 (De,
993 2986 1147 3030 Prodr.
1167 2986 1260 3040 VII,
1290 2999 1330 3040 p.
1356 2986 1438 3029 287
1460 2986 1544 3028 sub
1582 2984 1826 3040 Asterisco)
1861 2987 1950 3028 tota
