2090 3291
250 193 322 230 786
978 202 1230 230 composrrAE.
1677 195 1955 235 Tama-acum.

719 352 878 396 Sun‘rss.
908 352 1022 396 VIII.
1052 351 1484 397 CHONDRILLEAE.

694 493 997 542 TARAxAcUM
1044 494 1191 553 (Juss.
1234 495 1332 543 Gen.
1379 495 1515 557 199).

313 625 558 680 Capitulum
596 624 897 667 multiflorum.
936 624 1214 667 Involucrum
1257 624 1531 669 imbricatum
1573 626 1957 681 subcalyculatum.

253 685 589 738 Receptaculum
610 683 790 726 nudum.
810 683 1002 726 Achenia
1027 683 1349 727 subconformia
1370 685 1959 740 subcompresso-tetragoua

253 743 405 786 striata
423 743 616 797 undique
641 742 709 784 vel
735 754 925 797 superne
946 742 1461 796 squamuloso-muricata
1480 745 1625 786 rarius
1650 745 1775 787 laevia
1801 746 1844 787 in
1869 746 1959 800 api-

253 803 399 845 culum
430 802 754 856 pyramidatum
787 801 1059 844 concolorem
1095 805 1318 845 attenuata
1344 806 1387 845 et
1416 803 1532 846 ultra
1559 815 1660 846 eum
1691 805 1735 846 iu
1764 807 1959 847 rostrum

255 862 430 914 longum
462 862 532 903 vel
559 861 690 905 breve
713 860 930 903 abeuntia.
958 884 1014 890 —
1042 860 1199 903 Herhae
1226 872 1443 915 perennes
1471 862 1660 905 acaules.

570 992 588 1010 *
615 992 835 1029 Achenium
853 994 978 1028 rostro
996 1002 1069 1028 suo
1089 992 1249 1028 brevius
1269 993 1333 1029 vel
1353 993 1637 1040 aectluilongum.

313 1103 351 1145 «Ι.
385 1103 439 1146 Τ.
473 1105 830 1146 montanum
860 1101 982 1156 (ΩΑ.
1019 1100 1126 1155 Mey.
1162 1102 1317 1144 Enum.
1355 1114 1394 1155 p.
1436 1103 1490 1143 58
1525 1102 1606 1145 sub
1643 1102 1957 1159 Leontodonte)

251 1165 531 1218 glaucescens
567 1161 765 1215 glaucum
797 1163 934 1203 totum
979 1160 1234 1203 indumento
1265 1161 1746 1215 crispo-pulverulento
1779 1163 1825 1205 in
1858 1165 1956 1207 solis

254 1222 470 1266 secedenti
498 1220 702 1271 obsitum,
727 1220 870 1262 radice
906 1219 1113 1270 verticali‚
1136 1219 1248 1263 foliis
1278 1220 1435 1274 amplis
1469 1220 1669 1274 rigidulis
1702 1221 1745 1263 in
1780 1222 1954 1266 lacinias

255 1282 548 1335 triangulares
576 1278 835 1322 subfalcatas
873 1282 1021 1321 acutas
1059 1278 1345 1322 denticulatas
1387 1279 1650 1322 runcinatim
1684 1281 1954 1334 pinnatilidis

254 1342 319 1384 vel
344 1340 518 1396 partitis
544 1338 764 1381 interdum
789 1338 1042 1392 sublyratis,
1059 1339 1201 1393 scapis
1224 1338 1494 1392 lanuginosis
1516 1339 1789 1393 simplicibus
1813 1353 1954 1384 mono-

252 1400 444 1455 cephalis
475 1400 546 1441 vel
583 1398 716 1441 semel
746 1398 868 1440 bisve
903 1397 1062 1449 bifidis,
1093 1397 1280 1451 capitulo
1308 1398 1509 1447 maximo,
1546 1398 1759 1440 involucri
1785 1400 1956 1453 glauco-

253 1459 451 1513 pruinosi
476 1459 636 1513 phyllis
661 1457 902 1500 imbricatis
923 1456 1118 1498 externis
1141 1456 1517 1499 numerosissimis
1544 1456 1783 1500 imbricatis
1811 1459 1950 1502 ovatis

249 1518 389 1561 acutis
418 1518 486 1559 vel
515 1517 708 1559 breviter
734 1515 984 1559 lanceolatis
1019 1516 1140 1569 apice
1168 1515 1626 1570 squa1·roso-ressexiS‚
1658 1516 1824 1559 intimis
1865 1518 1956 1560 lan-

250 1577 706 1625 ceolam-linearibus,
745 1576 935 1618 acheniis
977 1575 1428 1628 elliptico-linearibus
1473 1575 1677 1629 utrinque
1717 1578 1952 1619 attenuatis

251 1636 416 1679 striatis
453 1638 707 1678 transverse
750 1634 945 1688 undique
982 1637 1105 1676 acute
1141 1634 1622 1688 squamoso-mulcatis
1673 1634 1717 1676 iu
1759 1639 1954 1678 rostrum

250 1699 380 1738 tenue
406 1695 469 1737 eis
494 1694 740 1748 quadruplo
772 1694 942 1747 longius
971 1695 1133 1735 sensim
1163 1694 1396 1736 attenuatis
1430 1698 1488 1739 26.
1522 1693 1561 1734 Τ.
1587 1696 1844 1735 montanum
1872 1708 1952 1737 Dc.

251 1754 403 1796 Prodr.
447 1767 485 1808 p.
530 1755 621 1795 145.
653 1777 705 1782 ——
732 1752 929 1803 Dechgswa
955 1751 1215 1793 sonclzoiclea
1250 1764 1329 1795 n.c.
1365 1751 1517 1793 Prodi:
1560 1751 1650 1803 Vll,
1683 1766 1722 1806 p.
1756 1754 1856 1795 247.
1896 1777 1953 1782 -—

253 1812 473 1865 Lasiopees
495 1811 752 1854 soncleoides
777 1812 884 1854 Don.
917 1835 960 1840 ——
981 1811 1021 1852 T.
1042 1822 1273 1852 canescens
1300 1811 1442 1853 Boiss.
1470 1810 1571 1852 Mss.
1589 1812 1633 1853 in
1654 1811 1839 1854 Haussk.
1860 1824 1951 1854 exs.

297 1886 398 1922 Hab.
423 1887 463 1921 in
488 1885 677 1932 lapidosis
702 1885 814 1920 siccis
841 1884 1011 1930 regionis
1036 1887 1247 1928 montanae,
1272 1884 1391 1930 Lycia
1413 1893 1535 1930 prope
1566 1884 1724 1920 Elmalu
1758 1885 1952 1930 (Bourgv,

249 1934 436 1970 Cataonia
455 1934 495 1969 in
521 1936 652 1968 monte
680 1932 903 1978 Berytdagl'i
936 1931 1164 1976 (Hausskl‘),
1189 1931 1435 1978 Cappadocia
1461 1931 1733 1967 meridionalis
1763 1933 1951 1977 (Tchihlj,

247 1981 362 2027 Syria
382 1980 552 2017 borealis
572 1980 611 2015 in
633 1983 765 2015 monte
789 1979 999 2023 Ssoli'dagh
1026 1979 1129 2014 2000’
1154 1979 1385 2023 (HausskO,
1413 1979 1602 2013 Armenia
1632 1979 1794 2016 Rossica
1816 1980 1950 2022 (Szovl

249 2029 435 2071 Buhsell,
467 2038 582 2063 mons
615 2026 906 2062 Besehbarmak
937 2027 1100 2062 Caucasi
1129 2026 1209 2062 650’
1237 2026 1455 2071 (C.A.M.)‚
1492 2026 1590 2060 ditio
1621 2026 1952 2062 Transcaucasica

247 2076 419 2121 Talysch
439 2075 588 2120 (Hori),
607 2075 739 2110 Persia
761 2074 926 2109 borealis
945 2074 994 2108 ad
1019 2073 1167 2108 radices
1186 2075 1331 2109 montis
1349 2072 1494 2108 Elbrus
1518 2073 1610 2119 (ΚΥ,
1630 2073 1698 2109 414
1712 2076 1749 2119 ij),
1776 2074 1950 2109 occiden-

248 2123 336 2158 talis
362 2124 463 2158 inter
493 2122 627 2164 Silina,
657 2121 963 2164 Kermanschah,
995 2120 1204 2156 Hamadan
1232 2124 1269 2157 et
1296 2121 1335 2156 in
1372 2125 1505 2156 monte
1540 2120 1691 2156 Kaliser
1720 2121 1951 2157 wolf-900&

246 2170 470 2215 (Hausskl).
490 2170 544 2205 Fl.
565 2170 640 2204 Jul.
664 2172 765 2215 Aug.

304 2236 347 2288 β.
377 2235 658 2277 denudatione.
681 2259 737 2263 —
762 2234 877 2276 Folia
900 2234 1068 2275 minora
1091 2233 1340 2286 angustiora
1368 2233 1414 2288 (2
1437 2234 1534 2286 poll.
1563 2233 1685 2286 longa
1711 2236 1788 2276 5-6
1814 2234 1950 2276 lineas

248 2296 348 2341 lata)
382 2294 643 2337 runcinatim
673 2293 829 2346 partita
853 2293 935 2334 sul)
959 2293 1127 2335 antliesi
1153 2303 1266 2346 szepe
1292 2293 1509 2334 emarcida
1542 2297 1584 2335 ct
1610 2293 1808 2345 evanida,
1839 2294 1951 2346 capi-

244 2355 334 2396 tula
364 2355 542 2395 minora.
573 2378 627 2382 —
653 2353 685 2394 Τ
723 2352 991 2394 (lewe-(latum
1015 2351 1155 2393 Boiss.
1183 2351 1338 2404 Diagu.
1365 2350 1457 2393 Ser.
1489 2351 1536 2401 ll,
1566 2352 1605 2404 3,
1634 2364 1672 2405 p.
1699 2353 1768 2393 95.

292 2427 396 2462 Hah.
417 2427 457 2461 in
472 2427 605 2462 Persia
622 2425 1014 2461 austro-occidentali
1032 2425 1082 2460 ad
1102 2424 1259 2460 Kirrind
1275 2425 1376 2469 (Noe
1389 2426 1427 2469 l),
1444 2424 1484 2459 in
1506 2425 1706 2460 montibus
1725 2424 1897 2461 Tchinar
1913 2429 1950 2461 et

243 2474 414 2509 Sakawa
433 2473 656 2520 (Haiisskl‘),
675 2473 723 2508 ad
743 2473 890 2508 salinas
910 2473 1073 2507 Mamau
1091 2472 1262 2517 (Seidll).

291 2538 401 2574 Folia
416 2538 603 2573 radicalia
620 2539 754 2573 forma»
768 2537 910 2584 typica}
921 2536 1181 2583 semipedaha
1199 2539 1237 2572 et
1253 2536 1420 2583 pedalia,
1435 2536 1542 2582 scapi
1560 2536 1700 2582 pedem
1721 2540 1758 2572 et
1777 2537 1947 2583 amplius

243 2585 362 2632 longi,
381 2586 544 2621 achenia
565 2596 652 2621 cum
672 2589 798 2620 rostro
815 2589 852 2620 et
871 2596 1000 2631 pappo
1020 2583 1204 2630 pollicem
1224 2587 1260 2619 et
1275 2583 1448 2630 amplius
1470 2583 1599 2629 longa.
1624 2583 1800 2620 Varietas
1820 2585 1947 2620 forma

241 2634 370 2669 minor
386 2636 423 2668 et
443 2633 625 2668 hebetata
642 2637 793 2668 tantum
815 2633 980 2677 videtur,
1008 2632 1111 2667 foliis
1136 2631 1354 2675 diminutis,
1372 2631 1500 2677 scapis
1527 2631 1768 2667 abbreviatis
1790 2642 1947 2678 semper

239 2680 500 2727 simplicibus,

299 2802 335 2842 Ξ.
372 2800 426 2842 Τ.
460 2798 795 2843 serotinum
832 2797 922 2852 (W.
959 2798 1009 2839 K.
1043 2798 1105 2839 Pl.
1137 2797 1279 2851 Hung.
1320 2796 1373 2849 ΙΙ,
1406 2808 1445 2849 p.
1488 2797 1583 2848 119,
1622 2795 1704 2837 tab.
1742 2796 1822 2837 114
1862 2795 1944 2837 sul)

239 2858 551 2914 Leontoclonte)
575 2857 718 2900 radice
745 2856 952 2906 verticali,
988 2856 1224 2899 rliizomate
1251 2867 1398 2898 crasso
1428 2854 1668 2909 plnricipiti
1693 2866 1942 2909 squamoso,

237 2918 349 2961 foliis
376 2917 680 2960 crassinsculis
704 2916 961 2958 indumento
988 2914 1178 2969 crispulo
1207 2915 1414 2957 velutinis
1444 2914 1666 2956 interdum
1696 2913 1938 2956 sublanatis

236 2976 639 3030 obovato-oblongis
656 2975 748 3017 basi
763 2976 983 3018 attenuata
999 2973 1301 3028 subpetiolatis
1324 2973 1580 3016 vernalibus
1605 2973 1785 3026 Integris
1806 2972 1941 3014 serio-
