<?xml version="1.0" encoding="UTF-8"?>
<!DOCTYPE html PUBLIC "-//W3C//DTD XHTML 1.0 Transitional//EN"
    "http://www.w3.org/TR/xhtml1/DTD/xhtml1-transitional.dtd">
<html xmlns="http://www.w3.org/1999/xhtml" xml:lang="en" lang="en">
 <head>
  <title>
</title>
<meta http-equiv="Content-Type" content="text/html;charset=utf-8" />
  <meta name='ocr-system' content='tesseract 3.04.00' />
  <meta name='ocr-capabilities' content='ocr_page ocr_carea ocr_par ocr_line ocrx_word'/>
</head>
<body>
  <div class='ocr_page' id='page_1' title='image "./floraorientaliss03bois/floraorientaliss03bois_0913.png"; bbox 0 0 2066 3311; ppageno 0'>
   <div class='ocr_carea' id='block_1_1' title="bbox 120 211 1826 258">
    <p class='ocr_par' dir='ltr' id='par_1_1' title="bbox 120 211 1826 258">
     <span class='ocr_line' id='line_1_1' title="bbox 120 211 1826 258; baseline -0.001 -10"><span class='ocrx_word' id='word_1_1' title='bbox 120 211 383 258; x_wconf 78' lang='lat' dir='ltr'>Zollz&#39;koseria.</span> <span class='ocrx_word' id='word_1_2' title='bbox 843 222 1090 248; x_wconf 80' lang='lat' dir='ltr'><strong>COMPOSITAE.</strong></span> <span class='ocrx_word' id='word_1_3' title='bbox 1755 211 1826 247; x_wconf 80' lang='lat'>827</span> 
     </span>
    </p>
   </div>
   <div class='ocr_carea' id='block_1_2' title="bbox 121 292 1824 434">
    <p class='ocr_par' dir='ltr' id='par_1_2' title="bbox 121 292 1824 434">
     <span class='ocr_line' id='line_1_2' title="bbox 167 292 1824 340; baseline -0.002 -11"><span class='ocrx_word' id='word_1_4' title='bbox 167 294 266 329; x_wconf 92' lang='lat' dir='ltr'>Hab.</span> <span class='ocrx_word' id='word_1_5' title='bbox 279 294 318 329; x_wconf 91' lang='lat' dir='ltr'>in</span> <span class='ocrx_word' id='word_1_6' title='bbox 334 293 524 339; x_wconf 78' lang='lat' dir='ltr'>lapidosis</span> <span class='ocrx_word' id='word_1_7' title='bbox 535 296 573 329; x_wconf 85' lang='lat' dir='ltr'>et</span> <span class='ocrx_word' id='word_1_8' title='bbox 585 293 636 329; x_wconf 85' lang='lat' dir='ltr'>ad</span> <span class='ocrx_word' id='word_1_9' title='bbox 651 305 696 329; x_wconf 88' lang='lat' dir='ltr'>ru</span> <span class='ocrx_word' id='word_1_10' title='bbox 729 304 768 329; x_wconf 82' lang='lat' dir='ltr'>es</span> <span class='ocrx_word' id='word_1_11' title='bbox 786 293 1031 329; x_wconf 86' lang='lat' dir='ltr'>desertorum</span> <span class='ocrx_word' id='word_1_12' title='bbox 1041 293 1203 340; x_wconf 87' lang='lat' dir='ltr'>AEgypti</span> <span class='ocrx_word' id='word_1_13' title='bbox 1215 293 1353 338; x_wconf 72' lang='lat' dir='ltr'>(Deli),</span> <span class='ocrx_word' id='word_1_14' title='bbox 1365 293 1415 328; x_wconf 86' lang='lat' dir='ltr'>ad</span> <span class='ocrx_word' id='word_1_15' title='bbox 1425 292 1522 327; x_wconf 84' lang='lat' dir='ltr'>Snez</span> <span class='ocrx_word' id='word_1_16' title='bbox 1538 292 1824 337; x_wconf 45' lang='lat' dir='ltr'>(Auente-3521),</span> 
     </span>
     <span class='ocr_line' id='line_1_3' title="bbox 121 339 1823 387; baseline -0.001 -12"><span class='ocrx_word' id='word_1_17' title='bbox 121 340 278 377; x_wconf 83' lang='lat' dir='ltr'>Arabiae</span> <span class='ocrx_word' id='word_1_18' title='bbox 298 344 440 387; x_wconf 84' lang='lat' dir='ltr'>petreae</span> <span class='ocrx_word' id='word_1_19' title='bbox 459 340 509 375; x_wconf 81' lang='lat' dir='ltr'>ad</span> <span class='ocrx_word' id='word_1_20' title='bbox 527 340 657 376; x_wconf 90' lang='lat' dir='ltr'>Ouadi</span> <span class='ocrx_word' id='word_1_21' title='bbox 716 341 836 376; x_wconf 90' lang='lat' dir='ltr'>ebran</span> <span class='ocrx_word' id='word_1_22' title='bbox 857 341 998 385; x_wconf 78' lang='lat' dir='ltr'>(Bovel</span> <span class='ocrx_word' id='word_1_23' title='bbox 1016 341 1187 387; x_wconf 77' lang='lat' dir='ltr'>Schimp.</span> <span class='ocrx_word' id='word_1_24' title='bbox 1203 340 1318 385; x_wconf 72' lang='lat'>3871),</span> <span class='ocrx_word' id='word_1_25' title='bbox 1339 350 1457 386; x_wconf 87' lang='lat' dir='ltr'>regno</span> <span class='ocrx_word' id='word_1_26' title='bbox 1476 339 1647 375; x_wconf 83' lang='lat' dir='ltr'>Mascate</span> <span class='ocrx_word' id='word_1_27' title='bbox 1665 339 1823 374; x_wconf 81' lang='lat' dir='ltr'>Arahiae</span> 
     </span>
     <span class='ocr_line' id='line_1_4' title="bbox 121 386 703 434; baseline -0.005 -10"><span class='ocrx_word' id='word_1_28' title='bbox 121 387 294 434; x_wconf 79' lang='lat' dir='ltr'>(Auchi).</span> <span class='ocrx_word' id='word_1_29' title='bbox 310 408 355 412; x_wconf 93' lang='lat'>—</span> <span class='ocrx_word' id='word_1_30' title='bbox 373 388 540 423; x_wconf 87' lang='lat' dir='ltr'>Arabice</span> <span class='ocrx_word' id='word_1_31' title='bbox 557 386 703 424; x_wconf 80' lang='lat' dir='ltr'><em>Kahat.</em></span> 
     </span>
    </p>
   </div>
   <div class='ocr_carea' id='block_1_3' title="bbox 121 449 1825 532">
    <p class='ocr_par' dir='ltr' id='par_1_3' title="bbox 121 449 1825 532">
     <span class='ocr_line' id='line_1_5' title="bbox 121 449 1825 532; baseline -0.002 -46"><span class='ocrx_word' id='word_1_32' title='bbox 121 451 227 532; x_wconf 38' lang='lat' dir='ltr'>talAJ&#39;</span> <span class='ocrx_word' id='word_1_33' title='bbox 244 451 375 496; x_wconf 71' lang='lat' dir='ltr'>Geoqr.</span> <span class='ocrx_word' id='word_1_34' title='bbox 390 450 533 486; x_wconf 82' lang='lat' dir='ltr'>Insulae</span> <span class='ocrx_word' id='word_1_35' title='bbox 554 451 826 494; x_wconf 81' lang='lat' dir='ltr'>Canarienses,</span> <span class='ocrx_word' id='word_1_36' title='bbox 845 461 1010 496; x_wconf 82' lang='lat' dir='ltr'>regnum</span> <span class='ocrx_word' id='word_1_37' title='bbox 1029 450 1318 493; x_wconf 81' lang='lat' dir='ltr'>Maroccanum,</span> <span class='ocrx_word' id='word_1_38' title='bbox 1335 449 1526 496; x_wconf 80' lang='lat' dir='ltr'>Hispania</span> <span class='ocrx_word' id='word_1_39' title='bbox 1546 450 1825 484; x_wconf 63' lang='lat' dir='ltr'>austro-orien-</span> 
     </span>
     <span class='ocr_line' id='line_1_6' title="bbox 180 507 222 532; baseline 0 0"><span class='ocrx_word' id='word_1_40' title='bbox 180 507 222 532; x_wconf 88' lang='lat' dir='ltr'>1s.</span> 
     </span>
    </p>
   </div>
   <div class='ocr_carea' id='block_1_4' title="bbox 125 611 1831 1321">
    <p class='ocr_par' dir='ltr' id='par_1_4' title="bbox 125 611 1830 1249">
     <span class='ocr_line' id='line_1_7' title="bbox 186 611 1824 666; baseline -0.001 -12"><span class='ocrx_word' id='word_1_41' title='bbox 186 613 253 655; x_wconf 72' lang='lat'>12.</span> <span class='ocrx_word' id='word_1_42' title='bbox 285 613 336 655; x_wconf 89' lang='grc' dir='ltr'>Ζ.</span> <span class='ocrx_word' id='word_1_43' title='bbox 371 611 751 665; x_wconf 79' lang='lat' dir='ltr'>acanthodes,</span> <span class='ocrx_word' id='word_1_44' title='bbox 784 613 934 666; x_wconf 85' lang='lat' dir='ltr'>glabra</span> <span class='ocrx_word' id='word_1_45' title='bbox 969 613 1246 655; x_wconf 84' lang='lat' dir='ltr'>suffruticosa</span> <span class='ocrx_word' id='word_1_46' title='bbox 1274 612 1599 654; x_wconf 75' lang='lat' dir='ltr'>intricatissime</span> <span class='ocrx_word' id='word_1_47' title='bbox 1629 612 1824 660; x_wconf 78' lang='lat' dir='ltr'>dumosa,</span> 
     </span>
     <span class='ocr_line' id='line_1_8' title="bbox 125 671 1825 715; baseline -0.001 -3"><span class='ocrx_word' id='word_1_48' title='bbox 125 672 258 713; x_wconf 85' lang='lat' dir='ltr'>ramis</span> <span class='ocrx_word' id='word_1_49' title='bbox 283 672 495 713; x_wconf 85' lang='lat' dir='ltr'>teretibus</span> <span class='ocrx_word' id='word_1_50' title='bbox 521 672 643 713; x_wconf 73' lang='lat' dir='ltr'>duris</span> <span class='ocrx_word' id='word_1_51' title='bbox 670 672 937 714; x_wconf 84' lang='lat' dir='ltr'>divaricatim</span> <span class='ocrx_word' id='word_1_52' title='bbox 965 672 1217 715; x_wconf 82' lang='lat' dir='ltr'>dicllotomis</span> <span class='ocrx_word' id='word_1_53' title='bbox 1243 671 1656 713; x_wconf 66' lang='lat' dir='ltr'>infracto-flexuosis</span> <span class='ocrx_word' id='word_1_54' title='bbox 1682 684 1825 712; x_wconf 86' lang='lat' dir='ltr'>ramu-</span> 
     </span>
     <span class='ocr_line' id='line_1_9' title="bbox 125 729 1827 785; baseline -0.001 -13"><span class='ocrx_word' id='word_1_55' title='bbox 125 730 177 773; x_wconf 85' lang='lat' dir='ltr'>lis</span> <span class='ocrx_word' id='word_1_56' title='bbox 206 731 410 785; x_wconf 82' lang='lat' dir='ltr'>spinosis,</span> <span class='ocrx_word' id='word_1_57' title='bbox 447 730 704 773; x_wconf 82' lang='lat' dir='ltr'>internodiis</span> <span class='ocrx_word' id='word_1_58' title='bbox 736 731 962 784; x_wconf 87' lang='lat' dir='ltr'>brevibus,</span> <span class='ocrx_word' id='word_1_59' title='bbox 991 731 1103 773; x_wconf 78' lang='lat' dir='ltr'>soliis</span> <span class='ocrx_word' id='word_1_60' title='bbox 1139 730 1188 773; x_wconf 86' lang='lat' dir='ltr'>ad</span> <span class='ocrx_word' id='word_1_61' title='bbox 1222 730 1343 771; x_wconf 85' lang='lat' dir='ltr'>basin</span> <span class='ocrx_word' id='word_1_62' title='bbox 1378 741 1601 771; x_wconf 86' lang='lat' dir='ltr'>ramorum</span> <span class='ocrx_word' id='word_1_63' title='bbox 1636 729 1827 771; x_wconf 83' lang='lat' dir='ltr'>novello-</span> 
     </span>
     <span class='ocr_line' id='line_1_10' title="bbox 125 788 1826 843; baseline -0.001 -13"><span class='ocrx_word' id='word_1_64' title='bbox 125 801 222 831; x_wconf 86' lang='lat' dir='ltr'>rum</span> <span class='ocrx_word' id='word_1_65' title='bbox 249 790 395 843; x_wconf 88' lang='lat' dir='ltr'>paucis</span> <span class='ocrx_word' id='word_1_66' title='bbox 418 789 501 831; x_wconf 85' lang='lat' dir='ltr'>cito</span> <span class='ocrx_word' id='word_1_67' title='bbox 522 790 718 831; x_wconf 88' lang='lat' dir='ltr'>evanidis</span> <span class='ocrx_word' id='word_1_68' title='bbox 741 791 879 832; x_wconf 86' lang='lat' dir='ltr'>ovatis</span> <span class='ocrx_word' id='word_1_69' title='bbox 899 791 967 832; x_wconf 87' lang='lat' dir='ltr'>vel</span> <span class='ocrx_word' id='word_1_70' title='bbox 986 791 1182 843; x_wconf 82' lang='lat' dir='ltr'>oblongis</span> <span class='ocrx_word' id='word_1_71' title='bbox 1210 788 1647 831; x_wconf 79' lang='lat' dir='ltr'>sinuato-sublobalis</span> <span class='ocrx_word' id='word_1_72' title='bbox 1672 788 1826 830; x_wconf 87' lang='lat' dir='ltr'>crebre</span> 
     </span>
     <span class='ocr_line' id='line_1_11' title="bbox 126 846 1828 902; baseline -0.001 -13"><span class='ocrx_word' id='word_1_73' title='bbox 126 847 485 901; x_wconf 77' lang='lat' dir='ltr'>albo-spinulosis</span> <span class='ocrx_word' id='word_1_74' title='bbox 520 848 560 889; x_wconf 86' lang='lat' dir='ltr'>in</span> <span class='ocrx_word' id='word_1_75' title='bbox 590 848 800 902; x_wconf 86' lang='lat' dir='ltr'>petiolum</span> <span class='ocrx_word' id='word_1_76' title='bbox 834 848 1143 891; x_wconf 87' lang='lat' dir='ltr'>brevissimum</span> <span class='ocrx_word' id='word_1_77' title='bbox 1171 848 1419 890; x_wconf 82' lang='lat' dir='ltr'>attenuatis.</span> <span class='ocrx_word' id='word_1_78' title='bbox 1448 846 1647 901; x_wconf 85' lang='lat' dir='ltr'>capitulis</span> <span class='ocrx_word' id='word_1_79' title='bbox 1681 847 1828 889; x_wconf 87' lang='lat' dir='ltr'>solita—</span> 
     </span>
     <span class='ocr_line' id='line_1_12' title="bbox 127 906 1829 961; baseline -0.001 -13"><span class='ocrx_word' id='word_1_80' title='bbox 127 907 204 948; x_wconf 89' lang='lat' dir='ltr'>riis</span> <span class='ocrx_word' id='word_1_81' title='bbox 228 906 532 949; x_wconf 81' lang='lat' dir='ltr'>terminalibus</span> <span class='ocrx_word' id='word_1_82' title='bbox 552 908 619 950; x_wconf 87' lang='lat' dir='ltr'>vel</span> <span class='ocrx_word' id='word_1_83' title='bbox 641 908 694 950; x_wconf 89' lang='lat' dir='ltr'>ad</span> <span class='ocrx_word' id='word_1_84' title='bbox 720 909 909 950; x_wconf 84' lang='lat' dir='ltr'>ramulos</span> <span class='ocrx_word' id='word_1_85' title='bbox 924 908 1122 961; x_wconf 67' lang='lat' dir='ltr'>juniores</span> <span class='ocrx_word' id='word_1_86' title='bbox 1146 907 1398 949; x_wconf 71' lang='lat' dir='ltr'>lateralibus</span> <span class='ocrx_word' id='word_1_87' title='bbox 1422 910 1602 959; x_wconf 82' lang='lat' dir='ltr'>auguste</span> <span class='ocrx_word' id='word_1_88' title='bbox 1621 906 1829 959; x_wconf 71' lang='lat' dir='ltr'>cylindri-</span> 
     </span>
     <span class='ocr_line' id='line_1_13' title="bbox 127 964 1829 1020; baseline -0.001 -13"><span class='ocrx_word' id='word_1_89' title='bbox 127 965 188 1008; x_wconf 93' lang='lat' dir='ltr'>cis</span> <span class='ocrx_word' id='word_1_90' title='bbox 217 965 452 1018; x_wconf 86' lang='lat' dir='ltr'>5-6-floris,</span> <span class='ocrx_word' id='word_1_91' title='bbox 484 967 698 1009; x_wconf 73' lang='lat' dir='ltr'>involucri</span> <span class='ocrx_word' id='word_1_92' title='bbox 726 967 862 1020; x_wconf 79' lang='lat' dir='ltr'>glabri</span> <span class='ocrx_word' id='word_1_93' title='bbox 898 966 1056 1020; x_wconf 79' lang='lat' dir='ltr'>phyllis</span> <span class='ocrx_word' id='word_1_94' title='bbox 1086 967 1234 1020; x_wconf 83' lang='lat' dir='ltr'>paucis</span> <span class='ocrx_word' id='word_1_95' title='bbox 1267 965 1640 1018; x_wconf 80' lang='lat' dir='ltr'>albo-marginatis</span> <span class='ocrx_word' id='word_1_96' title='bbox 1667 964 1829 1006; x_wconf 78' lang='lat' dir='ltr'>intimis</span> 
     </span>
     <span class='ocr_line' id='line_1_14' title="bbox 127 1023 1829 1078; baseline 0 -12"><span class='ocrx_word' id='word_1_97' title='bbox 127 1024 319 1067; x_wconf 80' lang='lat' dir='ltr'>minimis</span> <span class='ocrx_word' id='word_1_98' title='bbox 351 1026 490 1067; x_wconf 74' lang='lat' dir='ltr'>ovans</span> <span class='ocrx_word' id='word_1_99' title='bbox 519 1025 923 1078; x_wconf 73' lang='lat' dir='ltr'>squumaesormibus</span> <span class='ocrx_word' id='word_1_100' title='bbox 950 1026 1119 1067; x_wconf 81' lang='lat' dir='ltr'>caeteris</span> <span class='ocrx_word' id='word_1_101' title='bbox 1149 1023 1609 1077; x_wconf 76' lang='lat' dir='ltr'>oblongo-linearilms,</span> <span class='ocrx_word' id='word_1_102' title='bbox 1637 1023 1829 1066; x_wconf 85' lang='lat' dir='ltr'>flosculis</span> 
     </span>
     <span class='ocr_line' id='line_1_15' title="bbox 128 1082 1830 1138; baseline -0.001 -14"><span class='ocrx_word' id='word_1_103' title='bbox 128 1083 272 1131; x_wconf 85' lang='lat' dir='ltr'>luteis,</span> <span class='ocrx_word' id='word_1_104' title='bbox 309 1084 500 1126; x_wconf 81' lang='lat' dir='ltr'>aclieniis</span> <span class='ocrx_word' id='word_1_105' title='bbox 528 1098 551 1126; x_wconf 88' lang='lat' dir='ltr'>a</span> <span class='ocrx_word' id='word_1_106' title='bbox 582 1086 711 1127; x_wconf 83' lang='lat' dir='ltr'>dorso</span> <span class='ocrx_word' id='word_1_107' title='bbox 745 1085 1009 1138; x_wconf 84' lang='lat' dir='ltr'>compressis</span> <span class='ocrx_word' id='word_1_108' title='bbox 1036 1084 1155 1138; x_wconf 81' lang='lat' dir='ltr'>apice</span> <span class='ocrx_word' id='word_1_109' title='bbox 1182 1083 1257 1126; x_wconf 81' lang='lat' dir='ltr'>vix</span> <span class='ocrx_word' id='word_1_110' title='bbox 1280 1082 1606 1135; x_wconf 77' lang='lat' dir='ltr'>angustioribus</span> <span class='ocrx_word' id='word_1_111' title='bbox 1639 1083 1830 1123; x_wconf 88' lang='lat' dir='ltr'>tenuiter</span> 
     </span>
     <span class='ocr_line' id='line_1_16' title="bbox 127 1141 1829 1196; baseline -0.001 -13"><span class='ocrx_word' id='word_1_112' title='bbox 127 1142 411 1194; x_wconf 79' lang='lat' dir='ltr'>plui-inerviis</span> <span class='ocrx_word' id='word_1_113' title='bbox 439 1143 492 1185; x_wconf 90' lang='lat' dir='ltr'>ad</span> <span class='ocrx_word' id='word_1_114' title='bbox 519 1156 678 1185; x_wconf 86' lang='lat' dir='ltr'>nervos</span> <span class='ocrx_word' id='word_1_115' title='bbox 703 1143 923 1196; x_wconf 86' lang='lat' dir='ltr'>rugulosis</span> <span class='ocrx_word' id='word_1_116' title='bbox 948 1146 1103 1185; x_wconf 84' lang='lat' dir='ltr'>ventre</span> <span class='ocrx_word' id='word_1_117' title='bbox 1124 1141 1413 1185; x_wconf 83' lang='lat' dir='ltr'>subcarinatis</span> <span class='ocrx_word' id='word_1_118' title='bbox 1440 1153 1579 1196; x_wconf 85' lang='lat' dir='ltr'>pappo</span> <span class='ocrx_word' id='word_1_119' title='bbox 1608 1142 1704 1183; x_wconf 88' lang='lat' dir='ltr'>albo</span> <span class='ocrx_word' id='word_1_120' title='bbox 1734 1152 1829 1194; x_wconf 87' lang='lat' dir='ltr'>per-</span> 
     </span>
     <span class='ocr_line' id='line_1_17' title="bbox 128 1201 372 1249; baseline -0.004 -6"><span class='ocrx_word' id='word_1_121' title='bbox 128 1201 310 1244; x_wconf 80' lang='lat' dir='ltr'>sistente</span> <span class='ocrx_word' id='word_1_122' title='bbox 337 1207 372 1249; x_wconf 71' lang='lat'>5.</span> 
     </span>
    </p>

    <p class='ocr_par' dir='ltr' id='par_1_5' title="bbox 178 1273 1831 1321">
     <span class='ocr_line' id='line_1_18' title="bbox 178 1273 1831 1321; baseline -0.001 -12"><span class='ocrx_word' id='word_1_123' title='bbox 178 1274 278 1309; x_wconf 86' lang='lat' dir='ltr'>Hab.</span> <span class='ocrx_word' id='word_1_124' title='bbox 306 1275 454 1321; x_wconf 87' lang='lat' dir='ltr'>ubique</span> <span class='ocrx_word' id='word_1_125' title='bbox 482 1276 521 1310; x_wconf 89' lang='lat' dir='ltr'>in</span> <span class='ocrx_word' id='word_1_126' title='bbox 550 1276 703 1311; x_wconf 89' lang='lat' dir='ltr'>deserto</span> <span class='ocrx_word' id='word_1_127' title='bbox 732 1286 876 1321; x_wconf 83' lang='lat' dir='ltr'>magno</span> <span class='ocrx_word' id='word_1_128' title='bbox 904 1276 1047 1311; x_wconf 68' lang='lat' dir='ltr'>Pei-siae</span> <span class='ocrx_word' id='word_1_129' title='bbox 1080 1275 1219 1310; x_wconf 57' lang='lat' dir='ltr'>mediae</span> <span class='ocrx_word' id='word_1_130' title='bbox 1252 1276 1352 1310; x_wconf 87' lang='lat' dir='ltr'>inter</span> <span class='ocrx_word' id='word_1_131' title='bbox 1383 1273 1553 1319; x_wconf 81' lang='lat' dir='ltr'>Ispahan</span> <span class='ocrx_word' id='word_1_132' title='bbox 1586 1275 1622 1308; x_wconf 87' lang='lat' dir='ltr'>et</span> <span class='ocrx_word' id='word_1_133' title='bbox 1651 1273 1831 1308; x_wconf 79' lang='lat' dir='ltr'>Teherau</span> 
     </span>
    </p>
   </div>
   <div class='ocr_carea' id='block_1_5' title="bbox 129 1319 1832 1414">
    <p class='ocr_par' dir='ltr' id='par_1_6' title="bbox 129 1319 1832 1414">
     <span class='ocr_line' id='line_1_19' title="bbox 129 1319 1832 1414; baseline -0.001 -58"><span class='ocrx_word' id='word_1_134' title='bbox 129 1320 271 1414; x_wconf 43' lang='lat' dir='ltr'>{guel}</span> <span class='ocrx_word' id='word_1_135' title='bbox 298 1322 613 1359; x_wconf 80' lang='lat' dir='ltr'>34551Haussk!</span> <span class='ocrx_word' id='word_1_136' title='bbox 641 1322 770 1369; x_wconf 81' lang='lat' dir='ltr'>Bgel),</span> <span class='ocrx_word' id='word_1_137' title='bbox 798 1325 836 1359; x_wconf 90' lang='lat' dir='ltr'>in</span> <span class='ocrx_word' id='word_1_138' title='bbox 868 1323 1062 1358; x_wconf 86' lang='lat' dir='ltr'>montosis</span> <span class='ocrx_word' id='word_1_139' title='bbox 1097 1333 1205 1368; x_wconf 77' lang='lat' dir='ltr'>prov.</span> <span class='ocrx_word' id='word_1_140' title='bbox 1237 1321 1467 1356; x_wconf 85' lang='lat' dir='ltr'>Kborassan</span> <span class='ocrx_word' id='word_1_141' title='bbox 1499 1331 1618 1367; x_wconf 85' lang='lat' dir='ltr'>prope</span> <span class='ocrx_word' id='word_1_142' title='bbox 1650 1319 1832 1356; x_wconf 68' lang='lat' dir='ltr'>Mesched</span> 
     </span>
     <span class='ocr_line' id='line_1_20' title="bbox 183 1379 269 1414; baseline -0.023 -10"><span class='ocrx_word' id='word_1_143' title='bbox 183 1379 228 1414; x_wconf 85' lang='lat' dir='ltr'>ge</span> <span class='ocrx_word' id='word_1_144' title='bbox 265 1398 269 1402; x_wconf 75' lang='grc'><strong><em>,</em></strong></span> 
     </span>
    </p>
   </div>
   <div class='ocr_carea' id='block_1_6' title="bbox 130 1432 1833 1576">
    <p class='ocr_par' dir='ltr' id='par_1_7' title="bbox 130 1432 1833 1576">
     <span class='ocr_line' id='line_1_21' title="bbox 178 1432 1833 1482; baseline -0.001 -14"><span class='ocrx_word' id='word_1_145' title='bbox 178 1433 312 1469; x_wconf 81' lang='lat' dir='ltr'>Facies</span> <span class='ocrx_word' id='word_1_146' title='bbox 334 1433 375 1470; x_wconf 89' lang='lat' dir='ltr'>Z.</span> <span class='ocrx_word' id='word_1_147' title='bbox 390 1434 568 1482; x_wconf 70' lang='lat' dir='ltr'>spinosoe,</span> <span class='ocrx_word' id='word_1_148' title='bbox 578 1436 677 1470; x_wconf 85' lang='lat' dir='ltr'>rami</span> <span class='ocrx_word' id='word_1_149' title='bbox 695 1445 798 1481; x_wconf 75' lang='lat' dir='ltr'>saepe</span> <span class='ocrx_word' id='word_1_150' title='bbox 818 1435 934 1481; x_wconf 80' lang='lat' dir='ltr'>paulo</span> <span class='ocrx_word' id='word_1_151' title='bbox 952 1435 1177 1477; x_wconf 78' lang='lat' dir='ltr'>crassioreS,</span> <span class='ocrx_word' id='word_1_152' title='bbox 1193 1433 1287 1469; x_wconf 85' lang='lat' dir='ltr'>folia</span> <span class='ocrx_word' id='word_1_153' title='bbox 1302 1433 1443 1468; x_wconf 85' lang='lat' dir='ltr'>latiora</span> <span class='ocrx_word' id='word_1_154' title='bbox 1464 1433 1645 1467; x_wconf 78' lang='lat' dir='ltr'>breviora</span> <span class='ocrx_word' id='word_1_155' title='bbox 1662 1432 1833 1467; x_wconf 68' lang='lat' dir='ltr'>indivisa</span> 
     </span>
     <span class='ocr_line' id='line_1_22' title="bbox 130 1480 1830 1529; baseline -0.002 -13"><span class='ocrx_word' id='word_1_156' title='bbox 130 1485 249 1516; x_wconf 86' lang='lat' dir='ltr'>ovata</span> <span class='ocrx_word' id='word_1_157' title='bbox 269 1485 373 1526; x_wconf 63' lang='lat' dir='ltr'>(cum</span> <span class='ocrx_word' id='word_1_158' title='bbox 393 1482 538 1528; x_wconf 88' lang='lat' dir='ltr'>petiolo</span> <span class='ocrx_word' id='word_1_159' title='bbox 557 1482 761 1529; x_wconf 84' lang='lat' dir='ltr'>pollicaria</span> <span class='ocrx_word' id='word_1_160' title='bbox 776 1482 838 1517; x_wconf 83' lang='grc'>4-6</span> <span class='ocrx_word' id='word_1_161' title='bbox 856 1482 923 1517; x_wconf 89' lang='lat' dir='ltr'>lin.</span> <span class='ocrx_word' id='word_1_162' title='bbox 940 1483 1048 1526; x_wconf 78' lang='lat' dir='ltr'>lata),</span> <span class='ocrx_word' id='word_1_163' title='bbox 1063 1481 1235 1527; x_wconf 76' lang='lat' dir='ltr'>capitula</span> <span class='ocrx_word' id='word_1_164' title='bbox 1254 1481 1478 1527; x_wconf 76' lang='lat' dir='ltr'>paucfflora,</span> <span class='ocrx_word' id='word_1_165' title='bbox 1497 1480 1661 1514; x_wconf 81' lang='lat' dir='ltr'>acbenia</span> <span class='ocrx_word' id='word_1_166' title='bbox 1676 1491 1697 1514; x_wconf 85' lang='lat' dir='ltr'>a</span> <span class='ocrx_word' id='word_1_167' title='bbox 1714 1480 1830 1514; x_wconf 83' lang='lat' dir='ltr'>dorso</span> 
     </span>
     <span class='ocr_line' id='line_1_23' title="bbox 132 1528 693 1576; baseline 0.005 -14"><span class='ocrx_word' id='word_1_168' title='bbox 132 1538 202 1563; x_wconf 85' lang='lat' dir='ltr'>nec</span> <span class='ocrx_word' id='word_1_169' title='bbox 223 1528 438 1565; x_wconf 78' lang='lat' dir='ltr'>lateraliter</span> <span class='ocrx_word' id='word_1_170' title='bbox 458 1540 693 1576; x_wconf 82' lang='lat' dir='ltr'>compressa.</span> 
     </span>
    </p>
   </div>
   <div class='ocr_carea' id='block_1_7' title="bbox 129 1642 1837 2168">
    <p class='ocr_par' dir='ltr' id='par_1_8' title="bbox 129 1642 1836 2054">
     <span class='ocr_line' id='line_1_24' title="bbox 196 1642 1832 1701; baseline -0.003 -14"><span class='ocrx_word' id='word_1_171' title='bbox 196 1647 260 1687; x_wconf 78' lang='lat'>13.</span> <span class='ocrx_word' id='word_1_172' title='bbox 294 1645 347 1688; x_wconf 88' lang='lat' dir='ltr'>Z.</span> <span class='ocrx_word' id='word_1_173' title='bbox 384 1645 711 1701; x_wconf 71' lang='lat' dir='ltr'>polyclada,</span> <span class='ocrx_word' id='word_1_174' title='bbox 757 1647 907 1699; x_wconf 84' lang='lat' dir='ltr'>glabra</span> <span class='ocrx_word' id='word_1_175' title='bbox 953 1645 1233 1688; x_wconf 83' lang='lat' dir='ltr'>suffruticosa</span> <span class='ocrx_word' id='word_1_176' title='bbox 1280 1642 1602 1686; x_wconf 83' lang='lat' dir='ltr'>intricatissime</span> <span class='ocrx_word' id='word_1_177' title='bbox 1653 1642 1832 1683; x_wconf 80' lang='lat' dir='ltr'>dumosa</span> 
     </span>
     <span class='ocr_line' id='line_1_25' title="bbox 129 1700 1833 1756; baseline -0.003 -11"><span class='ocrx_word' id='word_1_178' title='bbox 129 1704 265 1746; x_wconf 87' lang='lat' dir='ltr'>ramis</span> <span class='ocrx_word' id='word_1_179' title='bbox 293 1705 507 1747; x_wconf 84' lang='lat' dir='ltr'>teretibus</span> <span class='ocrx_word' id='word_1_180' title='bbox 533 1706 785 1748; x_wconf 79' lang='lat' dir='ltr'>slicliotomis</span> <span class='ocrx_word' id='word_1_181' title='bbox 812 1706 952 1756; x_wconf 84' lang='lat' dir='ltr'>nudis,</span> <span class='ocrx_word' id='word_1_182' title='bbox 981 1704 1160 1746; x_wconf 88' lang='lat' dir='ltr'>ramulis</span> <span class='ocrx_word' id='word_1_183' title='bbox 1186 1704 1395 1755; x_wconf 85' lang='lat' dir='ltr'>elongatis</span> <span class='ocrx_word' id='word_1_184' title='bbox 1419 1700 1737 1755; x_wconf 82' lang='lat' dir='ltr'>monocepbalis</span> <span class='ocrx_word' id='word_1_185' title='bbox 1762 1700 1833 1741; x_wconf 85' lang='lat' dir='ltr'>vix</span> 
     </span>
     <span class='ocr_line' id='line_1_26' title="bbox 133 1759 1835 1818; baseline -0.003 -14"><span class='ocrx_word' id='word_1_186' title='bbox 133 1763 497 1817; x_wconf 77' lang='lat' dir='ltr'>spinescentibus,</span> <span class='ocrx_word' id='word_1_187' title='bbox 523 1765 636 1807; x_wconf 87' lang='lat' dir='ltr'>soliis</span> <span class='ocrx_word' id='word_1_188' title='bbox 647 1796 798 1815; x_wconf 78' lang='grc'><strong>......</strong></span> <span class='ocrx_word' id='word_1_189' title='bbox 821 1764 1021 1818; x_wconf 85' lang='lat' dir='ltr'>capitulis</span> <span class='ocrx_word' id='word_1_190' title='bbox 1048 1764 1194 1817; x_wconf 87' lang='lat' dir='ltr'>parvis</span> <span class='ocrx_word' id='word_1_191' title='bbox 1221 1762 1359 1804; x_wconf 77' lang='lat' dir='ltr'>ovatis</span> <span class='ocrx_word' id='word_1_192' title='bbox 1387 1760 1662 1803; x_wconf 65' lang='lat' dir='ltr'>10-12-ss01·is</span> <span class='ocrx_word' id='word_1_193' title='bbox 1688 1759 1835 1801; x_wconf 84' lang='lat' dir='ltr'>solita-</span> 
     </span>
     <span class='ocr_line' id='line_1_27' title="bbox 132 1818 1835 1878; baseline -0.002 -15"><span class='ocrx_word' id='word_1_194' title='bbox 132 1822 225 1873; x_wconf 86' lang='lat' dir='ltr'>riis,</span> <span class='ocrx_word' id='word_1_195' title='bbox 260 1823 473 1866; x_wconf 88' lang='lat' dir='ltr'>involucri</span> <span class='ocrx_word' id='word_1_196' title='bbox 512 1824 648 1876; x_wconf 83' lang='lat' dir='ltr'>glabri</span> <span class='ocrx_word' id='word_1_197' title='bbox 688 1824 845 1878; x_wconf 84' lang='lat' dir='ltr'>phyllis</span> <span class='ocrx_word' id='word_1_198' title='bbox 882 1827 1064 1876; x_wconf 85' lang='lat' dir='ltr'>anguste</span> <span class='ocrx_word' id='word_1_199' title='bbox 1100 1820 1472 1872; x_wconf 85' lang='lat' dir='ltr'>albo-marginatis</span> <span class='ocrx_word' id='word_1_200' title='bbox 1510 1819 1678 1860; x_wconf 84' lang='lat' dir='ltr'>obtusis</span> <span class='ocrx_word' id='word_1_201' title='bbox 1716 1818 1835 1869; x_wconf 84' lang='lat' dir='ltr'>apice</span> 
     </span>
     <span class='ocr_line' id='line_1_28' title="bbox 133 1877 1836 1936; baseline -0.002 -14"><span class='ocrx_word' id='word_1_202' title='bbox 133 1881 318 1924; x_wconf 88' lang='lat' dir='ltr'>rubellis</span> <span class='ocrx_word' id='word_1_203' title='bbox 344 1882 506 1925; x_wconf 78' lang='lat' dir='ltr'>intimis</span> <span class='ocrx_word' id='word_1_204' title='bbox 535 1884 682 1936; x_wconf 81' lang='lat' dir='ltr'>parvis</span> <span class='ocrx_word' id='word_1_205' title='bbox 702 1882 1043 1936; x_wconf 83' lang='lat' dir='ltr'>triangularibus</span> <span class='ocrx_word' id='word_1_206' title='bbox 1068 1881 1232 1923; x_wconf 85' lang='lat' dir='ltr'>intimis</span> <span class='ocrx_word' id='word_1_207' title='bbox 1252 1877 1717 1932; x_wconf 78' lang='lat' dir='ltr'>elliptico-linearibus,</span> <span class='ocrx_word' id='word_1_208' title='bbox 1736 1877 1836 1919; x_wconf 81' lang='lat' dir='ltr'>flos-</span> 
     </span>
     <span class='ocr_line' id='line_1_29' title="bbox 134 1938 1835 1997; baseline -0.003 -16"><span class='ocrx_word' id='word_1_209' title='bbox 134 1940 242 1983; x_wconf 87' lang='lat' dir='ltr'>culis</span> <span class='ocrx_word' id='word_1_210' title='bbox 261 1941 479 1987; x_wconf 77' lang='lat' dir='ltr'>violaceis,</span> <span class='ocrx_word' id='word_1_211' title='bbox 498 1943 687 1985; x_wconf 85' lang='lat' dir='ltr'>acbeniis</span> <span class='ocrx_word' id='word_1_212' title='bbox 706 1940 995 1997; x_wconf 67' lang='lat' dir='ltr'>(Jjunioribus)</span> <span class='ocrx_word' id='word_1_213' title='bbox 1015 1941 1133 1994; x_wconf 86' lang='lat' dir='ltr'>apice</span> <span class='ocrx_word' id='word_1_214' title='bbox 1152 1941 1337 1992; x_wconf 78' lang='lat' dir='ltr'>abrupte</span> <span class='ocrx_word' id='word_1_215' title='bbox 1358 1943 1400 1980; x_wconf 88' lang='lat' dir='ltr'>et</span> <span class='ocrx_word' id='word_1_216' title='bbox 1422 1938 1618 1979; x_wconf 88' lang='lat' dir='ltr'>breviter</span> <span class='ocrx_word' id='word_1_217' title='bbox 1641 1940 1835 1978; x_wconf 87' lang='lat' dir='ltr'>attenua-</span> 
     </span>
     <span class='ocr_line' id='line_1_30' title="bbox 134 1998 589 2054; baseline 0.007 -14"><span class='ocrx_word' id='word_1_218' title='bbox 134 1998 205 2050; x_wconf 87' lang='lat' dir='ltr'>tis,</span> <span class='ocrx_word' id='word_1_219' title='bbox 234 2012 373 2054; x_wconf 87' lang='lat' dir='ltr'>pappo</span> <span class='ocrx_word' id='word_1_220' title='bbox 403 2001 529 2043; x_wconf 85' lang='lat' dir='ltr'>niveo</span> <span class='ocrx_word' id='word_1_221' title='bbox 553 2008 589 2049; x_wconf 75' lang='lat'>5.</span> 
     </span>
    </p>

    <p class='ocr_par' dir='ltr' id='par_1_9' title="bbox 135 2067 1837 2168">
     <span class='ocr_line' id='line_1_31' title="bbox 183 2067 1837 2122; baseline -0.004 -14"><span class='ocrx_word' id='word_1_222' title='bbox 183 2073 287 2110; x_wconf 84' lang='lat' dir='ltr'>Hab.</span> <span class='ocrx_word' id='word_1_223' title='bbox 310 2075 350 2109; x_wconf 88' lang='lat' dir='ltr'>in</span> <span class='ocrx_word' id='word_1_224' title='bbox 370 2075 528 2120; x_wconf 78' lang='lat' dir='ltr'>regione</span> <span class='ocrx_word' id='word_1_225' title='bbox 548 2076 759 2122; x_wconf 75' lang='lat' dir='ltr'>subalpina</span> <span class='ocrx_word' id='word_1_226' title='bbox 776 2085 885 2121; x_wconf 90' lang='lat' dir='ltr'>prov.</span> <span class='ocrx_word' id='word_1_227' title='bbox 908 2074 1135 2109; x_wconf 82' lang='lat' dir='ltr'>Khorassan</span> <span class='ocrx_word' id='word_1_228' title='bbox 1155 2073 1298 2108; x_wconf 82' lang='lat' dir='ltr'>Persiae</span> <span class='ocrx_word' id='word_1_229' title='bbox 1318 2071 1420 2105; x_wconf 87' lang='lat' dir='ltr'>inter</span> <span class='ocrx_word' id='word_1_230' title='bbox 1441 2069 1664 2114; x_wconf 75' lang='lat' dir='ltr'>Nischapur</span> <span class='ocrx_word' id='word_1_231' title='bbox 1682 2070 1718 2103; x_wconf 87' lang='lat' dir='ltr'>et</span> <span class='ocrx_word' id='word_1_232' title='bbox 1737 2067 1837 2102; x_wconf 79' lang='lat' dir='ltr'>Mes-</span> 
     </span>
     <span class='ocr_line' id='line_1_32' title="bbox 135 2120 1149 2168; baseline -0.001 -13"><span class='ocrx_word' id='word_1_233' title='bbox 135 2120 233 2156; x_wconf 82' lang='lat' dir='ltr'>ched</span> <span class='ocrx_word' id='word_1_234' title='bbox 251 2121 394 2167; x_wconf 79' lang='lat' dir='ltr'>(Egel),</span> <span class='ocrx_word' id='word_1_235' title='bbox 413 2122 649 2158; x_wconf 76' lang='lat' dir='ltr'>Belutschiae</span> <span class='ocrx_word' id='word_1_236' title='bbox 668 2122 868 2168; x_wconf 80' lang='lat' dir='ltr'>(Stocksl).</span> <span class='ocrx_word' id='word_1_237' title='bbox 891 2121 947 2156; x_wconf 86' lang='lat' dir='ltr'>Fl.</span> <span class='ocrx_word' id='word_1_238' title='bbox 966 2122 1054 2156; x_wconf 87' lang='lat' dir='ltr'>Jun.</span> <span class='ocrx_word' id='word_1_239' title='bbox 1074 2120 1149 2156; x_wconf 88' lang='lat' dir='ltr'>Jul.</span> 
     </span>
    </p>
   </div>
   <div class='ocr_carea' id='block_1_8' title="bbox 136 2177 1841 2327">
    <p class='ocr_par' dir='ltr' id='par_1_10' title="bbox 136 2177 1841 2327">
     <span class='ocr_line' id='line_1_33' title="bbox 183 2177 1838 2233; baseline -0.005 -14"><span class='ocrx_word' id='word_1_240' title='bbox 183 2185 501 2221; x_wconf 79' lang='lat' dir='ltr'>Praecedentibus</span> <span class='ocrx_word' id='word_1_241' title='bbox 534 2187 683 2231; x_wconf 81' lang='lat' dir='ltr'>elatior⁷</span> <span class='ocrx_word' id='word_1_242' title='bbox 711 2186 863 2233; x_wconf 84' lang='lat' dir='ltr'>pedalis</span> <span class='ocrx_word' id='word_1_243' title='bbox 897 2186 962 2221; x_wconf 89' lang='lat' dir='ltr'>vel</span> <span class='ocrx_word' id='word_1_244' title='bbox 995 2182 1297 2230; x_wconf 73' lang='lat' dir='ltr'>sesquipedalis,</span> <span class='ocrx_word' id='word_1_245' title='bbox 1332 2181 1430 2216; x_wconf 82' lang='lat' dir='ltr'>rami</span> <span class='ocrx_word' id='word_1_246' title='bbox 1460 2180 1592 2214; x_wconf 83' lang='lat' dir='ltr'>minus</span> <span class='ocrx_word' id='word_1_247' title='bbox 1624 2177 1838 2230; x_wconf 68' lang='lat' dir='ltr'>divaricati,</span> 
     </span>
     <span class='ocr_line' id='line_1_34' title="bbox 137 2225 1841 2280; baseline -0.005 -14"><span class='ocrx_word' id='word_1_248' title='bbox 137 2232 281 2267; x_wconf 78' lang='lat' dir='ltr'>ramuli</span> <span class='ocrx_word' id='word_1_249' title='bbox 310 2232 507 2279; x_wconf 80' lang='lat' dir='ltr'>longiores</span> <span class='ocrx_word' id='word_1_250' title='bbox 535 2235 642 2280; x_wconf 85' lang='lat' dir='ltr'>apice</span> <span class='ocrx_word' id='word_1_251' title='bbox 668 2234 841 2280; x_wconf 86' lang='lat' dir='ltr'>capitulo</span> <span class='ocrx_word' id='word_1_252' title='bbox 860 2233 1022 2279; x_wconf 82' lang='lat' dir='ltr'>delapso</span> <span class='ocrx_word' id='word_1_253' title='bbox 1041 2232 1181 2266; x_wconf 81' lang='lat' dir='ltr'>obtuse</span> <span class='ocrx_word' id='word_1_254' title='bbox 1209 2230 1487 2276; x_wconf 81' lang='lat' dir='ltr'>spinescentes,</span> <span class='ocrx_word' id='word_1_255' title='bbox 1504 2225 1676 2272; x_wconf 81' lang='lat' dir='ltr'>capitula</span> <span class='ocrx_word' id='word_1_256' title='bbox 1703 2228 1841 2260; x_wconf 77' lang='lat' dir='ltr'>latiora</span> 
     </span>
     <span class='ocr_line' id='line_1_35' title="bbox 136 2276 1729 2327; baseline -0.004 -14"><span class='ocrx_word' id='word_1_257' title='bbox 136 2278 310 2314; x_wconf 86' lang='lat' dir='ltr'>flosculis</span> <span class='ocrx_word' id='word_1_258' title='bbox 329 2280 528 2325; x_wconf 71' lang='lat' dir='ltr'>violaceis,</span> <span class='ocrx_word' id='word_1_259' title='bbox 546 2281 709 2316; x_wconf 78' lang='lat' dir='ltr'>achenia</span> <span class='ocrx_word' id='word_1_260' title='bbox 729 2283 834 2327; x_wconf 60' lang='lat' dir='ltr'>(quae</span> <span class='ocrx_word' id='word_1_261' title='bbox 850 2280 1009 2326; x_wconf 85' lang='lat' dir='ltr'>juniora</span> <span class='ocrx_word' id='word_1_262' title='bbox 1026 2281 1179 2314; x_wconf 80' lang='lat' dir='ltr'>tantum</span> <span class='ocrx_word' id='word_1_263' title='bbox 1203 2277 1304 2321; x_wconf 81' lang='lat' dir='ltr'>vidi)</span> <span class='ocrx_word' id='word_1_264' title='bbox 1323 2276 1487 2320; x_wconf 83' lang='lat' dir='ltr'>abrupte</span> <span class='ocrx_word' id='word_1_265' title='bbox 1505 2276 1729 2318; x_wconf 25' lang='lat' dir='ltr'>angustata,</span> 
     </span>
    </p>
   </div>
   <div class='ocr_carea' id='block_1_9' title="bbox 557 2413 1424 2479">
    <p class='ocr_par' dir='ltr' id='par_1_11' title="bbox 557 2413 1424 2479">
     <span class='ocr_line' id='line_1_36' title="bbox 557 2413 1424 2479; baseline -0.008 -13"><span class='ocrx_word' id='word_1_266' title='bbox 557 2419 825 2467; x_wconf 70' lang='lat' dir='ltr'>mummuli</span> <span class='ocrx_word' id='word_1_267' title='bbox 860 2418 990 2479; x_wconf 62' lang='lat' dir='ltr'>(nesi.</span> <span class='ocrx_word' id='word_1_268' title='bbox 1031 2417 1110 2464; x_wconf 68' lang='grc'><strong>111.</strong></span> <span class='ocrx_word' id='word_1_269' title='bbox 1149 2416 1201 2472; x_wconf 80' lang='lat' dir='ltr'>u,</span> <span class='ocrx_word' id='word_1_270' title='bbox 1238 2429 1275 2476; x_wconf 77' lang='lat' dir='ltr'>p.</span> <span class='ocrx_word' id='word_1_271' title='bbox 1310 2413 1424 2474; x_wconf 67' lang='lat'>22⁴).</span> 
     </span>
    </p>
   </div>
   <div class='ocr_carea' id='block_1_10' title="bbox 140 2552 1843 2849">
    <p class='ocr_par' dir='ltr' id='par_1_12' title="bbox 140 2552 1843 2849">
     <span class='ocr_line' id='line_1_37' title="bbox 198 2552 1841 2614; baseline -0.005 -13"><span class='ocrx_word' id='word_1_272' title='bbox 198 2559 441 2614; x_wconf 86' lang='lat' dir='ltr'>Capitulum</span> <span class='ocrx_word' id='word_1_273' title='bbox 491 2560 792 2602; x_wconf 80' lang='lat' dir='ltr'>multiflorum.</span> <span class='ocrx_word' id='word_1_274' title='bbox 841 2558 1119 2601; x_wconf 82' lang='lat' dir='ltr'>Involucrum</span> <span class='ocrx_word' id='word_1_275' title='bbox 1167 2555 1456 2598; x_wconf 87' lang='lat' dir='ltr'>imbricatum.</span> <span class='ocrx_word' id='word_1_276' title='bbox 1503 2552 1841 2605; x_wconf 72' lang='lat' dir='ltr'>Receptaculum</span> 
     </span>
     <span class='ocr_line' id='line_1_38' title="bbox 140 2615 1843 2668; baseline -0.006 -6"><span class='ocrx_word' id='word_1_277' title='bbox 140 2619 322 2662; x_wconf 82' lang='lat' dir='ltr'>nudum.</span> <span class='ocrx_word' id='word_1_278' title='bbox 343 2619 532 2661; x_wconf 82' lang='lat' dir='ltr'>Acbenia</span> <span class='ocrx_word' id='word_1_279' title='bbox 552 2619 748 2660; x_wconf 88' lang='lat' dir='ltr'>biformia</span> <span class='ocrx_word' id='word_1_280' title='bbox 766 2622 944 2660; x_wconf 86' lang='lat' dir='ltr'>externa</span> <span class='ocrx_word' id='word_1_281' title='bbox 967 2617 1173 2668; x_wconf 72' lang='lat' dir='ltr'>4-5-gona</span> <span class='ocrx_word' id='word_1_282' title='bbox 1192 2615 1455 2656; x_wconf 53' lang='grc' dir='ltr'><strong>[μδ-5111011111</strong></span> <span class='ocrx_word' id='word_1_283' title='bbox 1471 2616 1724 2654; x_wconf 82' lang='lat' dir='ltr'>transverse</span> <span class='ocrx_word' id='word_1_284' title='bbox 1745 2622 1843 2663; x_wconf 88' lang='lat' dir='ltr'>pro-</span> 
     </span>
     <span class='ocr_line' id='line_1_39' title="bbox 140 2668 1843 2731; baseline -0.006 -11"><span class='ocrx_word' id='word_1_285' title='bbox 140 2678 271 2720; x_wconf 80' lang='lat' dir='ltr'>funde</span> <span class='ocrx_word' id='word_1_286' title='bbox 299 2681 671 2731; x_wconf 63' lang='lat' dir='ltr'>crenato-rugosa‚</span> <span class='ocrx_word' id='word_1_287' title='bbox 697 2677 868 2719; x_wconf 81' lang='lat' dir='ltr'>interna</span> <span class='ocrx_word' id='word_1_288' title='bbox 893 2689 916 2717; x_wconf 91' lang='lat' dir='ltr'>a</span> <span class='ocrx_word' id='word_1_289' title='bbox 940 2675 1031 2717; x_wconf 86' lang='lat' dir='ltr'>basi</span> <span class='ocrx_word' id='word_1_290' title='bbox 1055 2673 1219 2716; x_wconf 88' lang='lat' dir='ltr'>sensim</span> <span class='ocrx_word' id='word_1_291' title='bbox 1243 2675 1465 2714; x_wconf 84' lang='lat' dir='ltr'>attenuata</span> <span class='ocrx_word' id='word_1_292' title='bbox 1487 2669 1716 2713; x_wconf 85' lang='lat' dir='ltr'>subconica</span> <span class='ocrx_word' id='word_1_293' title='bbox 1742 2668 1843 2710; x_wconf 90' lang='lat' dir='ltr'>sub-</span> 
     </span>
     <span class='ocr_line' id='line_1_40' title="bbox 140 2727 1843 2791; baseline -0.006 -12"><span class='ocrx_word' id='word_1_294' title='bbox 140 2737 278 2780; x_wconf 85' lang='lat' dir='ltr'>laevia.</span> <span class='ocrx_word' id='word_1_295' title='bbox 297 2737 433 2791; x_wconf 86' lang='lat' dir='ltr'>Pappi</span> <span class='ocrx_word' id='word_1_296' title='bbox 451 2741 552 2780; x_wconf 80' lang='lat' dir='ltr'>setae</span> <span class='ocrx_word' id='word_1_297' title='bbox 570 2737 659 2779; x_wconf 85' lang='lat' dir='ltr'>basi</span> <span class='ocrx_word' id='word_1_298' title='bbox 683 2736 725 2777; x_wconf 88' lang='lat' dir='ltr'>in</span> <span class='ocrx_word' id='word_1_299' title='bbox 743 2736 954 2778; x_wconf 86' lang='lat' dir='ltr'>annulum</span> <span class='ocrx_word' id='word_1_300' title='bbox 973 2736 1198 2785; x_wconf 75' lang='lat' dir='ltr'>concretae,</span> <span class='ocrx_word' id='word_1_301' title='bbox 1216 2731 1346 2773; x_wconf 85' lang='lat' dir='ltr'>seriei</span> <span class='ocrx_word' id='word_1_302' title='bbox 1364 2730 1586 2772; x_wconf 89' lang='lat' dir='ltr'>interioris</span> <span class='ocrx_word' id='word_1_303' title='bbox 1610 2727 1843 2771; x_wconf 79' lang='lat' dir='ltr'>validiores</span> 
     </span>
     <span class='ocr_line' id='line_1_41' title="bbox 141 2796 715 2849; baseline 0 -13"><span class='ocrx_word' id='word_1_304' title='bbox 141 2799 183 2837; x_wconf 83' lang='lat' dir='ltr'>et</span> <span class='ocrx_word' id='word_1_305' title='bbox 212 2797 441 2849; x_wconf 86' lang='lat' dir='ltr'>longiores.</span> <span class='ocrx_word' id='word_1_306' title='bbox 468 2820 523 2827; x_wconf 93' lang='lat'><strong>—</strong></span> <span class='ocrx_word' id='word_1_307' title='bbox 546 2796 715 2837; x_wconf 81' lang='lat' dir='ltr'>Herbae.</span> 
     </span>
    </p>
   </div>
   <div class='ocr_carea' id='block_1_11' title="bbox 145 2912 1845 3033">
    <p class='ocr_par' dir='ltr' id='par_1_13' title="bbox 145 2912 1845 3033">
     <span class='ocr_line' id='line_1_42' title="bbox 207 2912 1842 2976; baseline -0.007 -13"><span class='ocrx_word' id='word_1_308' title='bbox 207 2924 242 2963; x_wconf 86' lang='lat' dir='ltr'>l.</span> <span class='ocrx_word' id='word_1_309' title='bbox 281 2921 340 2963; x_wconf 89' lang='lat' dir='ltr'>P.</span> <span class='ocrx_word' id='word_1_310' title='bbox 372 2921 758 2976; x_wconf 68' lang='lat' dir='ltr'>Tingitanum</span> <span class='ocrx_word' id='word_1_311' title='bbox 792 2919 858 2973; x_wconf 67' lang='lat' dir='ltr'>(L.</span> <span class='ocrx_word' id='word_1_312' title='bbox 899 2918 970 2971; x_wconf 90' lang='lat' dir='ltr'>Sp.</span> <span class='ocrx_word' id='word_1_313' title='bbox 1023 2917 1130 2958; x_wconf 68' lang='lat'>1114</span> <span class='ocrx_word' id='word_1_314' title='bbox 1173 2915 1254 2958; x_wconf 90' lang='lat' dir='ltr'>sub</span> <span class='ocrx_word' id='word_1_315' title='bbox 1301 2912 1608 2966; x_wconf 54' lang='grc' dir='ltr'><strong>δεον-30116111),</strong></span> <span class='ocrx_word' id='word_1_316' title='bbox 1649 2924 1842 2954; x_wconf 86' lang='lat' dir='ltr'>annuum</span> 
     </span>
     <span class='ocr_line' id='line_1_43' title="bbox 145 2971 1845 3033; baseline -0.006 -9"><span class='ocrx_word' id='word_1_317' title='bbox 145 2981 266 3024; x_wconf 85' lang='lat' dir='ltr'>caule</span> <span class='ocrx_word' id='word_1_318' title='bbox 303 2980 593 3023; x_wconf 84' lang='lat' dir='ltr'>crassiusculo</span> <span class='ocrx_word' id='word_1_319' title='bbox 635 2991 763 3033; x_wconf 81' lang='lat' dir='ltr'>parce</span> <span class='ocrx_word' id='word_1_320' title='bbox 803 2981 847 3019; x_wconf 69' lang='lat' dir='ltr'>etv</span> <span class='ocrx_word' id='word_1_321' title='bbox 889 2977 1129 3019; x_wconf 88' lang='lat' dir='ltr'>dichotome</span> <span class='ocrx_word' id='word_1_322' title='bbox 1170 2985 1367 3024; x_wconf 64' lang='lat' dir='ltr'>ramosi),</span> <span class='ocrx_word' id='word_1_323' title='bbox 1408 2972 1519 3014; x_wconf 87' lang='lat' dir='ltr'>foliis</span> <span class='ocrx_word' id='word_1_324' title='bbox 1563 2971 1845 3013; x_wconf 79' lang='lat' dir='ltr'>inferioribus</span> 
     </span>
    </p>
   </div>
  </div>
 </body>
</html>
