2066 3311
77 201 329 239 Hieran-ium.
818 207 1062 234 composa-za.
1715 204 1787 241 865

84 289 155 328 tus
204 280 644 337 stellato-puberulis
693 279 973 322 inferioribus
1024 279 1219 334 oblongis
1266 281 1571 336 superioribus
1620 287 1783 329 sensim

77 342 312 385 diminutis
350 339 570 394 supremis
610 342 793 393 anguste
836 338 1095 386 linearibus,
1142 340 1342 393 capitulis
1390 341 1536 393 parvis
1579 343 1785 396 globosis,

78 400 300 444 involucri
337 399 469 452 grisei
513 397 959 451 stellulato·puberuli
996 409 1124 451 parce
1151 402 1193 440 et
1229 398 1422 441 breviter
1459 400 1587 454 pilosi
1625 403 1786 456 phyllis

84 459 334 502 lanceolatis
358 458 496 500 acutis
533 464 590 505 26.

132 532 223 568 Hab
257 533 298 567 in
315 532 426 567 siccis
453 530 624 576 regionis
653 534 850 565 montanae
880 529 1120 565 Macedoniae
1152 531 1192 565 in
1223 534 1355 567 monte
1386 531 1583 569 Korthiati
1613 534 1790 582 (Oi-phi),

83 579 222 626 Lydiae
241 580 280 614 in
300 584 431 614 monte
450 578 580 613 Corax
606 577 656 612 ad
682 587 864 612 occasum
896 577 1088 622 Smyrnae,
1116 577 1248 613 Tmoli
1274 579 1415 624 jugum
1442 590 1560 626 supra
1591 581 1790 619 Philadel-

84 627 218 673 phiam
239 629 276 662 et
294 628 413 672 supra
430 625 572 660 Sardes
590 624 770 669 (Boissij.
795 624 850 659 Fl.
870 623 958 659 Jun.

132 690 273 727 Caules
289 684 589 737 bsh-pedales,
607 688 701 724 folia
720 688 907 724 radicalia
925 699 1014 724 cum
1032 688 1177 735 petiolo
1197 689 1444 735 bipollicaria
1461 691 1526 726 6-8
1544 692 1667 729 lineas
1687 694 1782 737 lata,

84 739 258 784 capitula
280 748 412 782 magn.
442 736 493 772 H.
514 736 678 784 proealti
701 747 724 771 a
743 745 822 782 quo
847 736 975 771 radice
1003 746 1079 771 non
1101 736 1328 772 stolonifera
1347 737 1462 783 longe
1479 738 1629 785 differt;
1660 743 1785 788 magis

82 786 212 821 affinis
241 784 288 821 H.
307 784 481 828 eelzz‘oidz',
500 784 567 819 sed
599 784 729 820 caules
761 783 885 819 multo
915 783 1139 828 graciliores
1159 795 1180 818 a
1199 783 1329 819 medio
1360 785 1466 825 nudi,
1498 786 1786 826 inssorescentia

84 832 176 868 laxa
193 835 230 868 et
249 833 374 867 crines
394 831 514 878 partis
533 830 726 866 inferioris
745 830 888 876 plantae
910 831 1059 876 copiosi
1077 830 1203 877 patuli
1223 833 1300 866 tres
1320 831 1445 867 lineas
1464 832 1581 879 longi.

148 966 213 1007 15.
247 964 312 1007 H.
338 962 614 1006 Balansae
646 961 806 1015 (Boiss.
833 962 984 1014 Diagn.
1021 962 1114 1004 Ser.
1142 962 1192 1014 ΙΙ,
1215 963 1256 1005 6.
1284 976 1323 1016 p.
1358 964 1437 1005 119
1465 963 1623 1020 (1859)
1647 968 1787 1010 rhizo·

87 1028 200 1067 mate
226 1023 349 1065 brevi
372 1034 611 1076 praemorso
634 1021 877 1063 stolonibus
902 1022 1126 1072 destituto.
1145 1022 1342 1064 caulibus
1365 1023 1526 1065 crassis
1549 1026 1674 1067 elatis
1695 1028 1786 1069 sere

82 1085 172 1126 tota
202 1081 472 1135 longitudine
506 1080 661 1122 foliatis
687 1080 958 1134 simplicibus
987 1080 1054 1121 vel
1090 1081 1319 1123 ramulosis
1356 1083 1592 1135 composite
1619 1096 1788 1138 corym-

85 1141 204 1185 bosis
228 1143 316 1183 tota
340 1139 610 1194 longitudine
642 1142 688 1181 ut
711 1143 754 1181 et
776 1138 872 1181 folia
901 1139 1009 1181 ciliis
1036 1139 1171 1192 longis
1196 1140 1356 1193 patulis
1379 1151 1402 1181 c
1426 1141 1653 1185 tuberculo
1678 1145 1785 1186 ortis

79 1200 270 1251 crinitis,
296 1198 410 1242 foliis
445 1201 604 1252 praeter
630 1199 773 1241 crines
807 1198 965 1240 subtus
992 1198 1380 1241 stellato-floccosis
1417 1197 1471 1240 ab
1507 1200 1785 1245 inferioribus

85 1257 544 1312 oblongo-lanceolatis
568 1256 622 1299 ad
644 1256 874 1312 superiora
900 1261 1082 1310 anguste
1109 1256 1519 1300 lineari-lanceolata
1546 1260 1784 1314 diminutis.

84 1317 310 1374 pedicellis
337 1316 546 1359 brevibus
572 1315 862 1370 capitulisque
887 1315 1077 1369 globosis
1104 1319 1210 1358 setis
1244 1317 1378 1370 longis
1403 1316 1512 1360 albis
1541 1319 1782 1373 hispidissi-

87 1377 183 1420 mis.
207 1375 366 1431 phyllis
387 1375 644 1418 acuminatis
677 1381 736 1422 26.
761 1374 815 1418 H.
827 1374 1001 1416 Radalo,
1025 1374 1147 1417 Fries
1171 1375 1288 1429 Epic.
1318 1388 1357 1430 p.
1381 1376 1437 1417 40
1463 1374 1631 1430 (1862).

135 1450 234 1485 Hab.
255 1449 295 1484 in
314 1452 446 1484 monte
465 1448 640 1494 Bulghas
659 1448 775 1493 Dagh
794 1448 989 1494 Phrygiae,
1011 1447 1170 1484 Galatia
1190 1448 1366 1494 (Wiedl)‚
1386 1448 1556 1494 Alidagh
1577 1450 1786 1498 Cappado-

83 1507 155 1589 (ἄξι’
174 1496 418 1586 eggassfylas
437 1495 617 1531 Cilimcas
637 1495 772 1540 (Ball),
797 1496 838 1531 in
856 1495 1008 1531 Libano
1027 1495 1077 1531 ad
1095 1496 1171 1531 Ain
1189 1495 1285 1531 Floa
1312 1506 1432 1542 supra
1452 1495 1662 1534 Bescherre
1679 1500 1786 1535 5300'

78 1561 83 1565 ’
142 1555 177 1589 y.
221 1553 228 1560 “
245 1568 252 1575 .
306 1570 314 1577 .

134 1606 270 1642 Gauiis
300 1605 521 1653 bipedalis,
553 1605 649 1642 folia
676 1605 863 1641 radicalia
901 1605 1152 1652 persistentia.
1182 1605 1246 1642 vel
1270 1606 1475 1642 .emarcida
1503 1607 1788 1655 5-6-pollicaria

87 1655 155 1698 1¹l2
174 1652 356 1701 pollicem
385 1653 475 1689 lata.
505 1653 783 1688 Indumentum
806 1652 854 1688 H.
872 1652 1130 1689 mamotriclzz'
1154 1664 1176 1688 a
1194 1663 1271 1699 quo
1302 1653 1432 1689 differt
1462 1655 1643 1701 capitulis
1663 1657 1787 1692 multo

80 1700 426 1756 numerosioribus
455 1701 660 1746 magisque
685 1700 869 1736 confertis
894 1700 1017 1747 duplo
1045 1699 1261 1747 majoribus
1295 1700 1578 1747 involueroque
1605 1704 1789 1750 hispidis-

84 1758 198 1784 simo.

150 1872 216 1914 16.
249 1870 315 1914 1-1.
337 1870 620 1915 incanum
654 1870 767 1926 (ΜΒ
787 1875 793 1882 “
811 1870 943 1914 Taur.
980 1869 1106 1914 Cauc.
1131 1871 1184 1923 ΙΙ,
1213 1884 1249 1925 p.
1276 1871 1382 1924 253)
1409 1873 1645 1915 rhizoniate
1677 1887 1786 1928 prae-

86 1942 233 1973 morso
270 1929 513 1973 stolonibus
538 1930 761 1982 destituto,
789 1929 909 1972 caule
948 1929 1058 1972 elato
1093 1930 1244 1972 stricto
1279 1930 1463 1984 simplici
1493 1932 1559 1973 vel
1593 1945 1784 1986 superne

87 2001 260 2032 ramoso
300 1989 537 2043 composite
571 1989 1096 2043 paniculato·corymboso
1132 1993 1275 2032 setoso
1313 1990 1380 2031 vel
1420 1990 1633 2043 glabram,
1673 1993 1786 2035 foliis

77 2047 432 2101 ovato-oblongis
474 2049 542 2090 vel
587 2047 1044 2101 oblongo-lanceolatis
1085 2048 1266 2100 integris
1315 2049 1624 2092 subundulatis
1671 2051 1785 2104 pube

86 2108 253 2149 minuta
280 2107 472 2150 farinosa
509 2107 840 2149 canescentibus
874 2107 1028 2149 ciliatis
1056 2106 1360 2160 superioribus
1385 2108 1787 2162 semiamplexicau·

86 2166 215 2217 libus,
239 2166 434 2219 corymbi
470 2165 604 2209 ramis
637 2166 950 2220 polycephalis,
974 2166 1173 2219 capitulis
1209 2166 1625 2220 subconglomeratis
1649 2169 1787 2211 ovatis

82 2224 283 2274 minutis,
310 2225 535 2268 involucro
575 2225 687 2278 pube
713 2224 890 2266 minima
918 2224 1139 2270 stellulata
1168 2225 1354 2279 pilisque
1385 2225 1608 2268 viscidulis
1652 2226 1788 2281 hispi-

85 2283 188 2326 dulo
216 2283 378 2337 phyllis
404 2283 570 2326 intimis
588 2284 724 2326 acutis
762 2289 820 2330 26.
847 2283 898 2325 H.
926 2281 1131 2325 scabrum
1159 2283 1304 2326 Willd.
1330 2284 1458 2326 herb!

133 2356 235 2392 Hab.
254 2357 294 2392 in
309 2357 484 2393 Caucaso
504 2356 653 2392 boreali
678 2356 794 2399 (ΜΒ.
814 2355 955 2401 Stevl),
974 2356 1139 2392 australi
1158 2367 1278 2403 prope
1308 2357 1544 2394 Schamachi
1565 2357 1624 2402 (C.
1643 2357 1753 2394 Koch
1763 2361 1788 2403 l)

77 2403 431 2496 (ehalfilbigflgethpol
467 2404 621 2448 (Hoh.),
655 2403 705 2439 ad
738 2403 889 2440 radices
929 2405 1071 2439 montis
1103 2405 1305 2440 Avroman
1336 2404 1599 2440 Kurdistaniae
1622 2406 1786 2442 Persicae

136 2513 275 2550 Planta
293 2514 333 2549 bi
353 2517 394 2550 et
409 2514 625 2561 tripedalis,
655 2515 750 2550 tolia
778 2514 844 2550 3-5
868 2514 1029 2562 pollices
1055 2514 1174 2560 longa
1207 2515 1310 2558 l·1¹l²
1338 2514 1520 2562 pollicem
1550 2515 1642 2559 lata,
1673 2516 1789 2552 indu-

79 2563 264 2645 glaffllitblgs
283 2571 491 2597 canescens
509 2573 612 2609 saepe
630 2562 806 2606 rarescit;
834 2561 1064 2598 distinctum
1080 2562 1237 2597 videtur
1255 2562 1359 2598 foliis
1380 2562 1473 2598 latis
1492 2563 1787 2611 semiamplexi-

147 2729 214 2771 17.
249 2728 314 2772 H.
337 2728 717 2776 fariniferum
746 2729 908 2786 (Boiss.
937 2730 982 2772 in
1005 2731 1163 2784 Bourg.
1189 2732 1245 2785 pl.
1273 2743 1363 2773 exs.
1391 2732 1527 2786 1862)
1554 2732 1787 2774 rhizomate

78 2799 324 2841 ‚praemorso
347 2789 519 2831 rosulas
544 2789 760 2843 stipitatas
793 2787 1043 2843 parvi‘folias
1069 2801 1197 2845 parce
1230 2790 1399 2842 edente,
1424 2792 1546 2833 caule
1570 2791 1788 2833 crassius-

74 2847 181 2889 ⁴culo
213 2846 382 2889 inferne
416 2847 569 2890 crebre
603 2848 754 2890 folioso
778 2850 868 2890 fere
892 2862 914 2891 a
942 2848 1035 2890 basi
1062 2848 1255 2891 breviter
1282 2861 1451 2892 ramoso
1490 2850 1583 2891 laxe
1620 2861 1788 2903 corym-

83 2904 190 2947 boso
217 2905 524 2961 oligocephalo,
563 2906 674 2949 foliis
710 2910 755 2949 ut
793 2911 836 2948 et
876 2907 985 2950 rami
1023 2907 1276 2950 indumento
1321 2908 1578 2950 brevissimo
1614 2920 1787 2951 ramoso

75 2962 286 3007 farinosis
312 2968 612 3020 praetereaque
640 2966 906 3019 longiuscule
932 2972 974 3008 et
1004 2967 1189 3008 molliter
1225 2967 1385 3008 setosis
1422 2967 1620 3020 oblongis
1658 2968 1787 3009 obtu-

1554 3041 1603 3076 55
