2071 3241
113 215 292 263 Iphiona.
845 224 1088 251 composrrAE.
1743 223 1812 259 211

171 298 214 352 β.
244 296 518 352 pinnatvfida
552 296 707 350 (Boiss.
731 297 883 350 Diagn.
903 296 996 340 Ser.
1020 297 1052 350 Ι,
1075 299 1115 349 6,
1133 311 1175 352 p.
1205 298 1294 353 80).
1323 299 1440 341 Folia
1465 303 1589 355 parte
1615 302 1813 346 inferiori

112 356 368 411 pinnatilida
389 356 556 398 laciniis
583 356 754 407 longius
781 355 969 408 spinosis
993 357 1198 411 utrinque
1225 359 1312 399 2-3.

158 429 248 466 Hah
277 430 317 465 in
342 432 473 465 monte
492 428 654 464 Chebek
673 429 783 474 regni
802 427 972 464 Mascate
991 429 1133 473 (Aueh.
1150 429 1292 475 47262).

158 494 218 530 Ar.
239 494 372 540 Geoqr.
398 493 545 529 Arabia
558 494 704 540 tropica
722 492 773 528 ad
790 493 912 528 Aden.

172 623 209 664 3.
244 621 283 664 1.
317 619 567 663 horrida
599 620 758 672 (Boiss.
788 620 939 672 Diagn.
966 620 1064 662 Ser..
1085 621 1117 672 1,
1143 623 1182 671 6,
1209 635 1248 674 p.
1275 622 1352 676 80)
1378 623 1594 676 glandulis
1618 626 1810 670 minimis

111 680 342 724 sessilibus
361 684 403 721 et
426 680 598 734 papillis
616 679 726 721 albis
740 679 899 721 conicis
916 679 998 722 sub
1018 679 1130 722 lente
1149 692 1276 733 parce
1299 682 1438 724 obsita
1455 684 1608 726 viridis
1629 684 1812 728 dumosa

110 740 320 786 erinacea‚
363 738 497 781 ramis
537 738 690 791 rigidis
728 738 995 780 creberrime
1038 742 1081 779 et
1123 740 1248 792 longe
1290 740 1651 795 folioso-spinosis
1691 744 1812 797 apice

110 797 365 852 corymbose
389 800 432 839 et
449 797 544 840 laxe
562 797 881 850 oligocephalis‚
900 797 1009 839 soliis
1033 797 1168 851 longis
1193 799 1421 852 trIquetris
1440 802 1628 844 acerosis
1646 805 1812 845 erecto·

110 857 270 911 patulis
295 855 386 898 basi
407 856 616 910 utrinque
638 855 763 910 spina
788 855 1057 909 longiuscula
1080 857 1441 911 auctis,capilulis
1466 861 1627 912 parvis,
1645 861 1812 914 pedun-

109 915 219 958 culis
248 915 460 957 brevihus
486 915 672 969 spinulis
705 915 885 957 minutis
917 926 1045 968 parce
1080 916 1246 969 obsitis,
1277 917 1491 959 involucri
1528 919 1812 972 glabriusculi

110 974 304 1028 squamis
329 973 552 1027 adpressis
585 972 637 1015 ab
663 973 943 1016 inferioribus
980 975 1118 1017 ovatis
1146 974 1200 1017 ad
1235 975 1387 1017 intima
1424 976 1812 1030 oblongo-linearia

109 1032 272 1075 sensim
305 1033 442 1075 auctis
476 1031 678 1074 omnibus
703 1032 873 1074 obtusis
901 1033 1314 1084 submucronulatis,
1341 1036 1471 1090 pappi
1494 1037 1599 1079 setis
1632 1036 1811 1080 achenio

108 1104 261 1144 parum
292 1089 560 1144 longioribus
586 1097 621 1139 5.

153 1164 254 1199 Hab.
273 1164 324 1200 ad
344 1164 493 1200 radices
514 1165 707 1200 montium
729 1164 838 1209 regni
858 1164 1028 1200 Mascate
1047 1165 1187 1210 (Auch.
1206 1166 1349 1211 47252).

151 1236 286 1284 Spinae
302 1237 358 1272 eis
374 1237 678 1284 praecedentium
693 1237 907 1273 crebriores
921 1237 1265 1285 12-1511n.10ngae‚
1275 1240 1447 1286 capitula
1460 1240 1627 1277 dimidio
1641 1242 1806 1278 minora.

498 1374 794 1424 νΑΙὶΤΗΕΜΙΑ
827 1377 939 1436 (D;C.
973 1376 1117 1424 Prodr.
1151 1376 1196 1432 V,
1233 1391 1273 1438 p.
1301 1377 1417 1438 473).

167 1514 412 1570 Capitulum
439 1517 741 1570 homogamum
760 1516 1027 1559 discoideum
1045 1518 1310 1560 obconicum.
1336 1519 1484 1561 Flores
1508 1531 1658 1563 omnes
1678 1522 1806 1564 tubu—

109 1575 191 1617 losi
238 1575 582 1628 liermaphroditi
619 1575 995 1629 quinquedentati.
1043 1576 1322 1619 Involucrum
1364 1578 1636 1621 imbricatum
1675 1580 1806 1634 oligo-

107 1633 319 1688 phyllum.
362 1633 701 1687 Receptaculum
744 1634 1016 1677 alveolatum.
1064 1635 1271 1686 Antherae
1297 1636 1389 1679 basi
1429 1638 1621 1680 caudatae
1657 1640 1807 1682 caudis

106 1692 266 1746 saepius
300 1693 465 1734 lacerIs.
501 1692 747 1735 Achenium
782 1694 1240 1747 compressiusculum.
1285 1695 1422 1750 Pappi
1459 1699 1562 1739 setae
1600 1697 1809 1739 scabridae

107 1750 450 1793 subuniseriales
475 1764 733 1794 numerosae.
759 1751 1018 1795 Suffrutices
1039 1754 1230 1796 inermes
1257 1754 1556 1797 ramosissimi.
1584 1779 1640 1786 -
1658 1754 1808 1799 Genus

105 1810 306 1863 capitulis
334 1811 551 1853 obconicis
579 1810 829 1864 paucissoris
845 1814 887 1853 et
912 1811 1138 1854 involucro
1163 1812 1360 1865 Iphionoe
1386 1814 1526 1860 affine,
1548 1814 1600 1857 ab
1627 1817 1676 1856 ea
1698 1818 1740 1857 et
1757 1816 1810 1857 ab

105 1867 237 1909 Imild
262 1869 452 1911 acheniis
477 1869 737 1924 compressis
767 1872 809 1912 ct
841 1870 991 1912 habitu
1023 1870 1287 1914 distinctum.
1334 1872 1555 1914 Inulaster
1588 1872 1682 1915 Sch.
1709 1873 1804 1927 Bip.

105 1926 158 1967 ab
188 1927 282 1980 ipso
311 1932 489 1971 auctore
517 1926 772 1970 Varthemiae
799 1929 1111 1972 adnumeratus
1135 1930 1260 1984 longe
1285 1930 1430 1974 differt
1453 1932 1653 1985 capitulis
1676 1932 1807 1973 hemi-

106 1986 330 2039 sphaericis
354 1987 604 2030 multifloris
629 1991 672 2029 et
692 1988 933 2030 involucro.

168 2126 203 2166 ¹1.
237 2123 298 2166 V.
333 2123 574 2168 Persica
606 2137 684 2167 nc.
709 2124 863 2167 prodr.
891 2125 941 2177 V,
965 2136 1004 2178 p.
1033 2122 1139 2180 473)
1165 2125 1381 2178 glandulis
1409 2125 1638 2168 sessilibus
1663 2126 1806 2168 minu-

105 2182 160 2224 tis
188 2194 372 2236 aspersa
398 2186 441 2224 et
480 2182 702 2226 interdum
730 2184 812 2225 sub
851 2183 966 2227 lente
1002 2184 1246 2226 seabridula
1288 2184 1457 2235 viridis,
1480 2196 1533 2225 ex
1569 2184 1805 2227 rliizomate

105 2240 434 2284 sufl'ruteseenti
462 2242 727 2286 multicaulis
752 2241 946 2285 caulibus
971 2242 1176 2286 tenuibus
1208 2243 1360 2296 rigidis
1393 2244 1512 2297 apice
1545 2243 1806 2296 paniculatis

107 2300 170 2340 vel
214 2300 501 2353 corymbosis.
529 2301 663 2343 ‘foliis
707 2301 1010 2343 crassiusculis
1059 2301 1296 2344 linearibus
1344 2302 1480 2344 acutis
1523 2301 1805 2343 inferioribus

105 2357 287 2400 deflexis
321 2357 411 2400 basi
448 2359 769 2402 subatienualis
792 2359 1095 2413 superioribus
1119 2360 1404 2412 brevissimis7
1430 2359 1628 2413 capitulis
1655 2360 1804 2402 termi-

104 2416 276 2458 nalibus
299 2417 506 2460 solitariis
530 2418 790 2472 pedunculis
813 2418 967 2471 rigidis
992 2419 1128 2472 longis
1148 2419 1439 2473 squamulosis
1458 2419 1664 2469 suffultis,
1682 2418 1804 2460 invo-

105 2474 211 2516 lucri
236 2475 384 2528 pallidi
410 2477 570 2530 phyllis
597 2477 807 2531 adpresse
830 2477 1003 2519 hirtulis
1029 2478 1251 2531 adpressis
1269 2477 1547 2520 acutiusculis
1573 2477 1625 2519 ab
1644 2475 1804 2519 infimis

105 2533 299 2587 oblongis
338 2535 392 2577 ad
430 2535 638 2578 interiora
665 2535 846 2577 linearia
885 2536 1087 2579 flosculos
1125 2537 1424 2590 subaequantia
1460 2535 1625 2577 sensim
1651 2535 1804 2587 auctis,

105 2593 234 2645 pappi
263 2593 370 2635 sctis
399 2593 737 2648 subaequilongis
762 2594 942 2637 achenio
967 2595 1135 2637 hirsuto
1161 2595 1338 2649 2¹s2-plo
1366 2593 1634 2646 longioribus
1657 2598 1694 2644 5.

150 2675 249 2710 Hah.
281 2675 321 2711 in
353 2675 487 2712 Persia
516 2677 598 2713 bor.
629 2677 678 2713 ad
707 2676 889 2712 Teheran
922 2677 1040 2721 (Oliv.
1060 2680 1098 2713 et
1119 2677 1272 2722 Brugn,
1306 2678 1344 2712 in
1382 2676 1626 2722 rupestribus
1659 2675 1804 2710 montis

103 2720 246 2758 Elbrus
266 2723 407 2766 (Auch.
426 2724 539 2759 4724!
557 2723 631 2769 Ky.
649 2724 770 2768 6531),
788 2725 838 2759 ad
852 2724 1037 2760 Mesched
1055 2728 1092 2760 et
1104 2724 1146 2759 in
1161 2726 1353 2759 montosis
1371 2724 1472 2758 inter
1489 2723 1611 2757 Herat
1630 2722 1805 2758 et'l'ebes

104 2767 250 2814 (Egel),
268 2770 308 2804 in
327 2770 470 2805 Persiae
489 2771 675 2806 australis
701 2773 833 2806 monte
860 2771 948 2806 Kuh
967 2771 1103 2806 Daena
1121 2771 1212 2815 (Ky.
1233 2771 1335 2808 7301)
1361 2774 1397 2805 et
1419 2769 1619 2804 montibus
1642 2769 1803 2803 ditionis

102 2814 212 2907 3133)
225 2816 706 2899 {illogyphADOOO'AOOOO'
738 2817 964 2863 (Hausskl),
994 2818 1033 2853 in
1050 2817 1261 2863 Affghania
1282 2817 1410 2862 (Griff.
1433 2816 1541 2851 herb.
1563 2816 1698 2861 Comp.
1719 2816 1801 2851 [nd.

217 2891 222 2897 .
289 2891 296 2898 .
344 2874 367 2898 ll
388 2892 395 2898 .
452 2874 514 2909 ug.

148 2933 308 2986 pedalis
341 2938 378 2970 et
404 2934 553 2980 elatior,
588 2935 683 2971 solia
713 2936 897 2971 inferiora
926 2936 1129 2983 pollicaria
1158 2935 1222 2971 2-3
1251 2936 1317 2971 lin.
1340 2935 1419 2970 lata
1446 2934 1513 2969 sed
1545 2944 1649 2980 saepe
1679 2934 1804 2969 multo

104 2989 268 3016 minora.
