2071 3241
128 204 328 242 Scabiosa.
866 212 1080 238 DIPSACEAE.
1763 205 1832 241 141

130 286 383 328 inferiorum
398 285 663 327 abbreviatis
682 286 962 339 superiorum
984 286 1423 339 elongatisterminali
1436 287 1644 341 longiore,
1660 288 1830 341 pedun-

130 345 240 386 culis
264 345 402 397 longis
427 344 674 397 gracilibus,
712 344 928 386 involucri
959 344 1050 386 basi
1079 344 1209 387 setosi
1246 345 1405 398 phyllis
1430 346 1670 389 linearibus
1697 348 1829 390 ssores

130 403 505 457 subaequantibus.
544 403 717 445 corollis
762 403 934 444 intense
986 403 1191 445 violaceis
1230 404 1356 446 valde
1402 406 1675 448 radiantibus
1717 406 1828 448 lobis

129 462 589 515 cuneato-spatbul:»tis
613 461 905 506 denticulatis,
927 461 1128 514 capitulis
1154 463 1388 504 fructiferis
1411 464 1634 517 spinei-icis
1661 464 1831 506 involu-

128 533 201 562 cro
235 521 400 573 patenti
443 520 731 571 brevioribus,
770 520 1015 562 involucelli
1047 522 1151 563 tubo
1183 521 1405 565 turbinato
1432 523 1626 565 breviter
1658 525 1828 566 hirsuto

128 579 310 621 soveolis
338 579 476 621 ovatis
496 579 753 633 acquilongo,
779 590 948 621 coronae
972 579 1129 632 patulae
1165 580 1267 622 tubo
1293 579 1508 623 brevioris
1533 584 1682 624 nervis
1703 584 1758 624 020
1782 583 1829 624 in

128 649 381 679 mucronem
405 638 755 690 excurrentibus,
783 637 940 690 calycis
965 638 1094 679 limbo
1120 639 1314 680 breviter
1340 640 1533 694 stipitato
1558 642 1706 694 glabro
1725 642 1832 683 aris-

127 696 183 738 tis
210 697 421 739 scabridis
445 699 601 738 corona
625 697 826 751 sextuplo
852 697 1122 749 longioribus
1150 702 1214 748 O.

178 769 277 804 Hah.
300 770 340 804 in
359 770 534 805 arenosis
554 769 688 815 Lydiae
703 769 743 804 in
760 769 865 804 valle
884 769 934 805 ad
952 770 1156 804 meridiem
1175 770 1306 806 Tmoli
1321 782 1444 817 prope
1463 771 1631 807 Terassa
1649 772 1828 817 (boissi),

127 827 248 863 prope
269 817 455 852 Odemich
475 817 578 861 (Bal.
597 817 713 861 23ot).

175 880 329 926 Species
359 881 500 926 petalis
531 880 673 926 amplis
708 879 895 915 violaceis
925 880 1221 925 elegantissima
1255 881 1406 927 pedalis
1427 881 1489 916 vel
1525 882 1824 928 sesquipedalis,

129 928 256 963 affinis
274 928 314 964 S.
336 927 544 974 hz'spz'duloe
565 928 632 962 sed
651 928 765 963 flores
782 927 994 963 exteriores
1013 927 1183 973 maj0res
1205 929 1241 962 et
1257 928 1308 962 ab
1327 932 1371 963 ea
1386 928 1614 963 involucelli
1627 931 1663 964 et
1676 929 1821 974 calycis

126 975 415 1010 characteribus
429 975 622 1010 distincta.

188 1089 253 1129 27.
289 1087 339 1131 S.
375 1088 621 1131 Olivieri
659 1086 817 1142 (Coult.
869 1088 992 1140 Dips.
1041 1101 1081 1141 p.
1124 1088 1192 1140 36,
1236 1088 1319 1130 tab.
1358 1089 1396 1142 2,
1440 1090 1508 1142 fig⁴
1567 1089 1639 1142 10)
1684 1103 1827 1131 annua

128 1149 334 1201 adpresse
358 1148 745 1201 pilosa²canescens
763 1160 787 1188 a
808 1148 915 1189 collo
939 1159 1122 1199 ramosa,
1141 1147 1338 1190 caulibus
1360 1149 1618 1190 tenuissime
1647 1149 1827 1201 virgatis

127 1208 329 1260 rigidulis
353 1207 593 1249 dichotome
634 1206 835 1258 ramosis,
861 1205 972 1248 foliis
1012 1206 1386 1260 lineari-oblongis
1428 1207 1597 1249 obtusis
1624 1207 1826 1249 omnibus

126 1266 329 1309 indivisis
354 1267 421 1309 vel
447 1265 752 1318 superioribus
776 1264 869 1306 basi
894 1264 1079 1306 lacinula
1099 1265 1250 1314 auctis,
1270 1266 1527 1318 pedunculis
1548 1266 1825 1308 filil'ormibus

128 1326 351 1378 elongatis
370 1324 571 1378 capitulis
590 1323 782 1364 minimis
809 1323 1072 1377 paucifloris,
1097 1324 1313 1365 involucri
1336 1324 1496 1378 pbyllis
1525 1325 1823 1367 ovato-oblon-

126 1385 190 1437 gis
214 1385 397 1426 floribus
421 1384 552 1436 duplo
581 1381 874 1431 brevioribus,
909 1382 1082 1424 corollis
1113 1383 1351 1435 purpureis
1379 1383 1618 1437 aequalibus
1652 1383 1826 1425 obconi-

126 1444 188 1485 cis
209 1447 333 1486 extus
355 1443 495 1487 hirtis
524 1441 775 1484 involucelli
802 1441 968 1483 minimi
1000 1441 1320 1494 heinispbaerici
1358 1441 1462 1484 tubo
1488 1442 1668 1484 foveolis
1690 1442 1826 1483 trian-

125 1503 351 1555 gularibus
385 1501 586 1543 breviore
619 1500 719 1553 pilis
756 1500 978 1554 adpressis
1012 1500 1203 1542 foveolas
1240 1513 1324 1542 non
1352 1501 1668 1543 occultantibus
1697 1501 1825 1553 hirto,

127 1562 257 1604 costis
280 1561 394 1602 inter
416 1560 607 1602 foveolas
631 1571 716 1600 non
743 1560 934 1609 sulcatis,
960 1560 1119 1601 corona
1148 1560 1457 1601 20-24-11e1.·via
1476 1563 1603 1601 extus
1634 1559 1685 1602 ad
1722 1571 1821 1600 ner-

125 1633 202 1664 vos
220 1620 404 1673 hirsuta,
431 1619 589 1672 calycis
612 1618 745 1660 limbo
772 1619 965 1661 breviter
991 1618 1183 1671 stipitato
1210 1618 1323 1660 hirto
1348 1619 1496 1661 aristis
1519 1619 1733 1661 scabridis
1757 1619 1825 1660 vel

127 1680 424 1733 subplumosis
449 1680 605 1720 corona
622 1678 843 1721 multoties
860 1677 1131 1730 longioribus
1151 1681 1216 1727 Θ.
1233 1676 1274 1719 S.
1289 1677 1539 1719 rhodanum
1558 1679 1658 1720 Kar.
1673 1681 1715 1719 et
1731 1677 1821 1719 Kir.

126 1738 280 1780 Enum.
302 1737 361 1778 Νο
389 1740 486 1779 418.

173 1811 273 1847 Hah.
304 1812 343 1847 in
365 1811 528 1847 desertis
547 1821 651 1857 saepe
671 1810 798 1855 salsis,
821 1810 965 1845 Arabia
984 1809 1122 1845 Petrea
1141 1809 1329 1856 (Schimp.
1347 1809 1464 1850 36411,
1483 1810 1768 1856 Mesopotamia
1787 1813 1828 1845 et

125 1860 288 1905 Assyria
307 1859 426 1903 (Oliv.
446 1862 484 1893 et
502 1858 704 1903 Brugl),in
719 1858 871 1892 deserto
893 1857 1050 1903 SindJ'ar
1068 1860 1105 1892 et
1119 1867 1238 1903 prope
1249 1856 1357 1891 Erbil
1373 1859 1408 1892 et
1428 1857 1587 1892 Kerkuk
1604 1857 1826 1901 (Hausskl),

125 1906 311 1942 Armenia
332 1906 493 1941 Rossica
508 1905 713 1949 (Kowall),
737 1905 880 1939 Persia}
900 1904 1267 1950 prov.Ade1·bidjan
1287 1904 1425 1948 (Auch.
1445 1905 1555 1940 47011
1576 1905 1754 1947 Bulisei),
1774 1905 1825 1939 ad

125 1953 329 1988 Sebahrud
346 1953 517 1997 (Bungel
536 1954 562 1996 ),
582 1953 724 1988 Persiae
756 1951 943 1986 australis
962 1952 999 1986 in
1023 1951 1171 1986 ditione
1192 1951 1281 1986 Kuh
1304 1951 1502 1997 Kilouyeh
1524 1951 1701 1995 (Haussk
1717 1954 1753 1995 !),
1773 1953 1822 1988 ad

125 1999 278 2035 Schiraz
298 2000 387 2045 (ΚΥ.
407 2000 520 2044 4371),
539 1999 802 2034 Turcomania
833 2000 883 2034 ad
911 1999 1098 2044 Caspium
1135 1998 1313 2043 (Karell),
1333 2001 1370 2033 et
1394 1999 1434 2033 in
1451 1999 1603 2034 deserto
1623 1998 1823 2034 Kisilkum

124 2047 264 2091 (Lehm
278 2050 314 2092 l).
332 2047 546 2092 Affgbania
566 2047 728 2091 {GriffQ
752 2046 978 2081 Belutschia
997 2045 1151 2090 (Stocks
1164 2048 1202 2090 1).

183 2121 226 2174 β.
258 2120 563 2173 pinnatisecta.
592 2146 646 2149 —
671 2120 786 2162 Folia
811 2121 1017 2162 inferiora
1041 2120 1350 2173 pinnatilobata
1376 2121 1441 2163 vel
1474 2121 1643 2174 partita.

173 2195 323 2230 Hab.in
343 2195 628 2242 Mesopotamia
648 2195 786 2237 vtAuch.
804 2195 916 2239 7751),
937 2195 976 2229 in
995 2194 1127 2229 Persia
1146 2205 1265 2241 prope
1284 2194 1440 2229 Schiraz
1460 2195 1549 2240 (ΚΥ.
1569 2195 1637 2229 437
1659 2197 1726 2238 al).

172 2258 324 2305 Species
344 2258 566 2304 gracilitate.
588 2259 771 2304 capitulis
792 2258 967 2293 minimis
986 2258 1209 2305 paucissoris
1235 2259 1414 2304 insignis.

173 2323 231 2357 Ar.
254 2323 387 2368 Geoqr.
409 2322 616 2368 Songaria.

186 2444 251 2485 28.
287 2443 337 2487 S.
362 2442 586 2486 flavida
609 2443 769 2498 (Boiss.
798 2447 840 2485 et
860 2442 1068 2497 Haussk.)
1095 2455 1237 2484 annua
1256 2456 1279 2484 a
1296 2443 1403 2485 collo
1429 2456 1612 2496 ramosa,
1627 2443 1824 2486 caulibus

124 2502 286 2555 glabris
320 2502 445 2544 flavis
476 2502 736 2544 tenuissime
779 2502 959 2554 virgatis
1003 2502 1272 2549 (licliotomis,
1309 2502 1422 2545 foliis
1462 2503 1605 2554 patule
1638 2503 1822 2544 hirsutis

125 2561 419 2613 integerrimis
443 2561 638 2613 oblongis
661 2560 879 2613 supremis
902 2559 1139 2601 linearibus
1167 2559 1453 2609 brevissimis,
1472 2561 1725 2613 pedunculis
1744 2562 1823 2602 lili-

125 2619 334 2662 formibus
354 2619 577 2673 elongatis,
595 2619 794 2673 capitulis
812 2619 962 2672 parvis
978 2619 1244 2672 paucissoris,
1259 2619 1475 2661 involucri
1495 2620 1652 2673 phyllis
1678 2624 1803 2662 ovato
1821 2646 1823 2648 >

125 2677 346 2720 rhombeis
384 2679 523 2720 acutis
569 2678 750 2719 floribus
783 2677 913 2730 triplo
950 2677 1242 2729 brevioribus,
1263 2678 1434 2720 corollis
1459 2679 1583 2719 ssavis
1611 2679 1821 2731 adpresse

126 2735 252 2778 hirtis
273 2737 545 2779 radiantibus
571 2737 679 2778 lobis
703 2736 989 2787 subdcnlatis,
1014 2735 1263 2778 involucelli
1297 2737 1462 2778 minimi
1490 2737 1823 2790 lurmisplnerici

125 2793 227 2836 tubo
249 2795 426 2837 foveolis
448 2795 789 2848 triangularibus
826 2795 1029 2836 breviore
1053 2795 1246 2837 breviter
1267 2798 1309 2837 et
1346 2796 1551 2848 adpresse
1576 2796 1704 2842 hirto,
1731 2807 1823 2837 cos-

126 2852 183 2893 tis
208 2853 322 2895 inter
346 2854 534 2896 foveolas
557 2866 641 2895 non
665 2853 855 2906 sulcatis,
885 2856 1039 2896 corona
1066 2854 1341 2896 adet-nervi
1367 2855 1490 2896 valde
1516 2854 1669 2907 plicata
1696 2859 1821 2897 extus

126 2909 294 2954 hirsuta
329 2912 432 2955 tubo
469 2913 725 2966 aequilonga,
767 2912 925 2964 calycis
968 2912 1099 2953 limbo
1127 2912 1319 2954 breviter
1346 2913 1538 2966 stipitato
1563 2913 1825 2966 pubescenti

127 2970 271 3012 aristis
295 2971 458 3013 scabris
483 2974 640 3013 corona
663 2971 909 3025 quadruplo
937 2971 1204 3023 longioribus
1238 2976 1301 3021 Θ.
