2126 3246
149 208 422 246 Valerz'anella.
843 219 1127 245 VALERIANEAE.
1772 203 1845 241 105

139 293 319 347 angulos
357 295 398 335 et
433 290 557 334 basin
593 292 795 335 foliorum
836 291 1026 334 eiliatula
1076 291 1240 345 pumila
1277 289 1546 333 divaricatim
1584 289 1840 346 dichotoma,

138 352 251 394 foliis
271 350 645 404 :meari—oblongis
669 351 972 404 superioribus
1004 350 1098 393 basi
1132 362 1248 404 saepe
1287 349 1489 398 dentatis,
1511 348 1649 402 eymis
1672 361 1842 402 corym-

137 410 303 453 bulosis
321 410 526 452 confertis
552 409 689 462 planis
714 410 848 452 ramis
872 410 1046 451 tandem
1070 408 1407 451 subinerassatis
1431 407 1637 459 suffultis,
1654 409 1842 454 bracteis

137 470 280 511 fructu
307 469 442 511 multo
470 468 736 522 longioribus
760 468 1040 520 lanceolatis„
1059 469 1228 510 fructus
1250 468 1418 509 minimi
1454 467 1624 509 ovoidei
1647 468 1842 512 breviter

136 527 338 583 puberuli
360 528 505 569 rarius
536 527 675 580 glabri
713 527 998 581 depressione
1023 525 1148 569 ovata
1182 530 1311 569 costae
1335 527 1488 568 mediae
1512 539 1593 580 ope
1625 527 1843 581 bipartita,

137 587 294 640 ealyeis
331 586 461 628 limbo
487 586 822 628 auriculaeformi
862 586 1122 629 brevissimo
1154 586 1329 642 obliquo
1372 587 1549 640 capsula
1591 588 1843 638 angustiore

137 645 305 698 integro
333 657 417 687 non
442 645 687 695 reticulato,
715 645 874 687 corolla
896 649 1246 699 purpurascente
1277 650 1341 696 Θ.
1370 643 1423 685 Io.
1445 645 1565 688 Krok
1585 646 1617 695 Ι,
1639 646 1706 699 lig.
1732 648 1842 688 3.—

149 703 186 746 V.
202 702 423 756 puberum
447 717 527 746 nc.
544 703 698 746 Prodr.
723 704 793 753 IV.¹
812 718 851 758 p.
879 706 1047 747 627.-
1077 704 1115 746 V.
1136 704 1353 756 lingulam
1372 703 1496 747 Presl
1521 703 1611 747 Bot.
1640 705 1840 748 Bemerk.

136 775 177 817 p.
205 764 275 815 88,
303 774 356 804 ex
387 763 520 805 Krok.
547 786 606 794 —
637 762 674 804 V.
696 762 963 815 Abyssim‘ea
988 764 1167 805 Fresen.
1194 763 1411 806 Senkenb.
1434 765 1561 815 1837,
1583 778 1623 819 p.
1656 767 1749 808 116.

181 845 283 880 Hah.
311 845 350 880 in
370 845 485 881 Creta.
499 845 647 889 (8161),),
665 848 702 881 et
720 846 903 891 Byzantii
921 846 1178 892 (Hedenborg
1190 857 1237 882 ex
1253 846 1391 891 Krok),
1405 848 1534 882 Attica.
1545 848 1595 882 ad
1614 848 1840 894 Heracleon,

134 892 286 936 (Heldr.
308 903 386 927 exs.
405 893 502 928 2933
520 893 595 928 suh
621 893 652 929 V.
674 891 889 938 truncasti),
908 893 1075 929 Thracia
1094 904 1214 941 prope
1233 893 1383 930 Rusko'i
1401 895 1600 939 (Griseb.).

181 954 391 991 Distinctio
412 956 511 992 inter
542 955 577 990 V.
605 957 901 1004 mim-ocarpam
920 958 958 992 et
988 955 1023 992 V.
1046 956 1283 1004 pubet-ulam
1302 958 1464 992 omnino
1483 958 1622 992 inanis.

180 1018 242 1053 Ar.
274 1018 407 1063 Geoqr.
437 1019 605 1065 Europae
624 1020 729 1065 regio
762 1020 1048 1055 mediterranea
1066 1031 1089 1055 a
1107 1019 1243 1056 Gallia
1271 1021 1435 1056 australi
1455 1024 1491 1056 et
1506 1020 1617 1057 Italia
1640 1021 1768 1057 media
1786 1023 1837 1057 ad

134 1064 387 1109 Dalmatiam,
411 1066 541 1102 Africa
559 1067 741 1111 borealis,
754 1067 983 1112 Abyssinia.

194 1188 263 1229 23.
296 1188 347 1228 V.
383 1188 670 1232 Morisoni
709 1189 914 1245 (Spreng.
958 1191 1063 1243 Pug.
1092 1189 1124 1241 Ι,
1148 1203 1189 1243 p.
1220 1191 1260 1244 4,
1310 1191 1392 1233 sub
1437 1190 1584 1245 Fedia'j)
1615 1192 1667 1233 ad
1705 1195 1839 1240 caulis

134 1247 315 1300 angulos
343 1251 385 1291 et
402 1249 621 1301 margines
644 1249 846 1292 foliorum
869 1249 1079 1301 scabrida,
1104 1248 1343 1292 dichotoma
1372 1251 1533 1304 saepius
1565 1251 1690 1302 elata.
1728 1253 1840 1299 foliis

132 1305 412 1349 inferioribus
440 1306 636 1360 oblongis
657 1308 838 1361 integris
860 1307 1164 1363 superioribus
1206 1308 1299 1351 basi
1322 1320 1434 1363 saepe
1461 1310 1663 1363 dentatis.
1697 1314 1834 1364 eymis

134 1365 449 1417 corymbulosis
476 1367 633 1420 planiS‚
657 1367 843 1410 bracteis
884 1367 1122 1410 linearibus
1162 1368 1323 1422 patulis
1359 1369 1501 1411 fructu
1537 1370 1835 1415 subbreviori-

133 1423 230 1475 bus,
274 1426 456 1468 ramulis
502 1425 740 1468 fructiferis
776 1427 847 1468 vix
884 1427 1152 1477 incrassatis,
1186 1427 1354 1470 fruetus
1392 1428 1518 1482 parvi
1552 1432 1838 1474 ovato-eoniei

132 1482 441 1535 obpyrisormis
464 1483 599 1537 glabri
628 1485 912 1539 depressione
945 1485 1086 1528 antica
1121 1487 1467 1539 ovato-oblonga,
1512 1488 1670 1541 calybis
1704 1489 1839 1533 limbo

132 1540 306 1595 oblique
332 1545 530 1586 truncato
565 1544 901 1587 aurieulaeformi
932 1557 1019 1587 non
1042 1544 1270 1587 reticulato
1294 1549 1418 1588 acuto
1453 1546 1716 1590 denticulato
1739 1561 1838 1604 eap-

130 1599 225 1642 sula
243 1602 493 1653 angustiore
516 1605 560 1645 et
584 1602 717 1658 duplo
742 1604 959 1657 breviore,
986 1603 1148 1646 corolla
1186 1604 1282 1646 alba
1310 1610 1374 1656 Θ.
1406 1604 1461 1647 Ie.
1489 1606 1610 1647 Krok
1626 1610 1655 1649 t.
1680 1607 1712 1656 Ι,
1737 1607 1762 1649 f.
1794 1610 1833 1650 6.

129 1681 184 1687 —-
218 1657 256 1700 V.
273 1659 449 1701 dentata
470 1661 576 1704 Poll.
603 1661 691 1704 Pal.
718 1663 750 1714 Ι,
775 1676 815 1716 p.
840 1663 908 1705 30.

185 1742 228 1796 β.
256 1742 518 1797 lasiocarpa.
545 1772 594 1776 —-
620 1744 808 1801 Capsula
829 1747 1059 1802 hispidula.
1086 1772 1139 1777 -
1169 1747 1302 1790 Fedia
1325 1749 1573 1802 dasycarpa
1590 1750 1707 1794 Stev.
1733 1751 1834 1797 Obs.

130 1805 170 1857 5,
196 1817 235 1858 p.
265 1805 421 1847 2348.—
454 1803 494 1846 V.
518 1804 756 1858 pubescens
779 1806 915 1849 Merat
938 1819 1024 1849 non
1050 1807 1182 1849 Krok.
1211 1832 1266 1838 —
1303 1807 1535 1850 Valeriana
1557 1809 1698 1851 me'oeta
1723 1810 1836 1852 L.—

138 1861 424 1906 Valerianella
442 1864 583 1906 mioeta
607 1865 729 1907 Dufr.
754 1865 847 1908 Val.
877 1867 944 1908 59.

174 1945 277 1981 Hab.
296 1956 385 1981 cum
403 1948 592 1983 varietate
610 1948 649 1983 in
667 1947 856 1993 Bithynia
891 1949 1093 1993 (Griseb.),
1123 1949 1282 1991 Tauria,
1315 1949 1491 1986 Caucaso
1510 1953 1546 1986 et
1561 1962 1671 1997 prov.
1691 1953 1835 1990 Trans-

126 1993 340 2029 caueasicis
359 1993 614 2040 (M.B.,Stev.,
634 1995 891 2040 Wilhelms.)‚
906 1996 1040 2031 Persia
1059 1996 1140 2032 bor.
1161 1998 1298 2032 orient.
1321 1997 1370 2032 ad
1397 1997 1524 2033 Siaret
1541 1999 1687 2045 (Egel).

171 2057 207 2091 A
236 2055 271 2091 V.
292 2054 545 2104 mz'crocarpc‘z*
561 2058 689 2094 fructu
707 2058 828 2105 duplo
848 2060 995 2105 majore
1013 2060 1165 2103 conico,
1191 2060 1337 2106 each-is
1363 2060 1488 2096 limbo
1516 2072 1593 2097 non
1622 2063 1791 2108 integro,
1810 2075 1832 2099 a

138 2101 173 2137 V.
190 2102 377 2141 τναησαιᾶ
393 2104 518 2141 limbo
536 2104 714 2151 calyeino
733 2105 844 2142 brevi
862 2117 941 2142 non
958 2107 1162 2143 reticulato
1181 2108 1377 2143 distincta.

169 2168 231 2203 Ar.
269 2167 400 2214 Geoqr.
439 2167 597 2215 Europa
625 2169 754 2204 omnis
768 2180 792 2204 a
810 2168 1072 2205 Scandinavia
1093 2170 1344 2207 meridionali
1363 2171 1412 2206 ad
1431 2171 1615 2207 Rossiam
1650 2173 1834 2220 mediam,

124 2213 254 2250 Africa
274 2214 455 2259 borealis,
471 2216 616 2251 insulae
635 2216 807 2252 Azorieae
829 2220 867 2252 et
881 2217 1151 2253 Canarienses.

185 2338 253 2382 24.
279 2339 340 2381 V.
369 2341 651 2383 truncata
683 2339 836 2394 (Rchb.
862 2340 925 2382 Pl.
955 2339 1056 2383 Crit.
1086 2341 1140 2393 ΙΙ,
1163 2355 1204 2395 p.
1226 2342 1265 2391 7,
1291 2340 1378 2384 tab.
1410 2342 1504 2393 115,
1531 2342 1598 2396 fig.
1626 2345 1723 2396 225,
1750 2347 1833 2389 sub

126 2396 278 2452 Fadia)
293 2398 375 2441 sub
394 2398 508 2441 lente
530 2399 583 2441 ad
608 2411 768 2441 nervos
787 2401 829 2441 et
854 2399 1034 2453 angulos
1063 2400 1199 2443 caulis
1224 2399 1420 2443 scabrida
1446 2401 1701 2455 dichotoma,
1720 2405 1831 2450 foliis

125 2457 199 2499 inf.
221 2457 416 2510 oblongis
440 2458 745 2511 superioribus
768 2457 1008 2500 linearibus
1044 2459 1137 2501 basi
1175 2459 1473 2512 1-2-dentatis,
1497 2461 1633 2514 eymis
1661 2474 1831 2517 corym-

126 2514 290 2559 bulosis
316 2516 621 2559 confertissoris
645 2516 787 2570 planis
805 2517 940 2560 ramis
963 2518 1139 2560 tandem
1162 2518 1432 2571 incrassatis,
1460 2518 1646 2562 bracteis
1683 2521 1830 2566 fructu

125 2572 401 2617 brevioribus
427 2575 691 2629 laneeoIat1s,
722 2575 890 2618 fruetus
933 2576 1100 2618 minimi
1132 2577 1302 2620 ovoidei
1340 2576 1493 2619 hirtuli
1520 2579 1664 2621 rarius
1689 2581 1829 2633 glabri

128 2632 410 2686 depressione
434 2634 573 2676 antica
596 2633 979 2677 ovato-orbiculari
1005 2638 1134 2677 costae
1147 2636 1221 2677 vix
1253 2636 1543 2690 prominentis
1578 2650 1658 2691 ope
1683 2639 1830 2693 bipar-

125 2691 214 2740 tita,
242 2692 399 2746 calybis
418 2692 549 2735 limbo
575 2693 788 2735 herbaceo
821 2693 1236 2736 reticulato—venoso
1278 2694 1455 2749 obliquo
1491 2696 1830 2743 auriculaeFormi

125 2748 375 2803 subintegro
401 2752 591 2805 capsulae
612 2751 814 2806 aequilato
840 2755 882 2794 et
919 2751 1248 2806 suhaequilongo
1275 2754 1429 2796 obtuso
1460 2754 1525 2796 vel
1559 2757 1828 2801 acutiuseulo

128 2811 189 2857 Θ.
212 2809 265 2850 Ic.
290 2809 411 2852 Krok
432 2809 516 2852 tab.
548 2810 578 2861 Ι,
604 2809 674 2862 fig.
703 2811 804 2851 4.—
839 2810 879 2852 V.
898 2813 1105 2852 truncata
1129 2812 1289 2855 Beteke
1315 2826 1356 2867 p.
1388 2814 1464 2854 22.

169 2889 269 2925 Hah.
290 2891 330 2926 in
349 2891 515 2927 collibus
534 2894 572 2927 et
590 2892 825 2937 graminosis
846 2891 1017 2929 Orientis
1036 2893 1233 2947 frequens,
1266 2894 1418 2929 Graecia
1437 2895 1477 2930 in
1496 2896 1635 2949 Atticaz
1663 2897 1826 2943 Baeotia,

123 2936 308 2982 Argolide
326 2937 432 2984 (Sprl
452 2938 614 2984 Boissl),
633 2939 746 2974 Creta
765 2939 895 2983 [Siebl
914 2940 1034 2975 Raull
1056 2942 1083 2985 )‚
1102 2941 1232 2976 lnsula
1256 2940 1382 2977 Melos
1400 2942 1541 2988 (Urv.)‚
1564 2944 1701 2979 Cilicia
1718 2944 1825 2980 litto-

122 2982 194 3018 rali
206 2983 344 3030 (Ball),
362 2987 399 3021 et
419 2985 469 3021 ad
494 2985 619 3022 Gebel
644 2986 737 3022 Nur.
757 2986 848 3032 (Ky.
868 2997 950 3022 exs.
980 2987 1042 3022 271
1060 2987 1136 3023 sub
1166 2987 1201 3023 V.
1228 2986 1467 3036 erz'ocarpc‘i)‚
1491 2990 1540 3025 ad
1559 2990 1711 3038 Aleppo
1731 2995 1769 3027 et
1786 2993 1827 3028 in
