2066 3296
131 240 364 278 Centaurea.
865 247 1099 274 compostrAE
1763 236 1834 274 653

129 322 407 374 intermixtis,
432 322 543 364 foliis
571 321 750 364 caulinis
778 320 1006 362 sessilibus
1035 320 1156 362 valde
1185 320 1408 363 diminutis
1435 321 1628 372 oblongis
1661 320 1822 362 laciniis

135 381 204 422 1-2
237 380 497 423 basilaribus
525 380 678 431 auctis,
710 379 869 421 rameis
904 379 1345 432 oblongo-linearibus
1384 379 1599 430 indivisis,
1626 379 1828 433 capitulis

129 439 183 481 ad
202 439 366 492 apicem
386 450 604 481 ramorum
625 439 698 479 4-7
724 438 966 490 aggregatis
989 437 1248 479 brevissime
1272 438 1487 491 petiolatis
1513 437 1578 479 vel
1598 437 1827 479 sessilibus

129 496 684 551 oblongo-subcylindricis
703 496 915 538 involucri
936 496 1071 549 glabri
1101 496 1259 549 phyllis
1286 496 1458 550 pallidis
1485 496 1826 549 triangularibus

131 560 172 597 et
198 556 391 598 breviter
426 555 670 598 lanceolatis
709 554 838 596 rectis
875 555 1120 608 pectinatim
1159 555 1310 597 ciliatis
1346 555 1387 597 in
1430 566 1679 597 mucronem
1719 554 1827 596 ciliis

130 614 472 657 subvalidiorem
498 614 571 656 sed
603 613 846 656 breviorem
871 613 1149 661 abeuntibus,
1176 613 1338 654 intimis
1363 614 1527 655 striatis
1552 614 1670 666 apice
1695 625 1828 654 mem-

130 672 368 724 branaceis,
393 671 585 715 flosculis
610 672 846 726 purpureis
874 683 956 713 non
979 671 1266 714 radiantibus
1289 673 1416 726 pappi
1441 673 1554 714 serie
1573 671 1827 713 intermedia

132 732 309 774 achenio
331 731 573 785 aequilonga
601 731 668 772 vel
689 730 880 783 longiore
909 730 977 784 G).
1002 732 1043 773 G.
1076 729 1393 783 desnzicephsala
1419 731 1548 773 Fenzl
1579 731 1671 772 lnd.
1707 730 1827 771 Hort.

129 789 312 832 Vindob.
350 791 470 832 1855.
497 812 553 819 -
581 786 624 830 C.
651 788 900 842 pauciflora
938 788 981 831 C.
1011 789 1127 831 Koch
1166 789 1289 831 Linn.
1326 789 1482 841 XXIV,
1511 802 1548 843 p.
1579 790 1677 830 433.
1708 813 1761 818 -
1787 788 1826 830 C.

128 848 421 901 chrysolopha
449 848 584 890 Boiss.
613 848 763 901 Diagn.
789 847 881 889 Ser.
911 847 963 892 [Ι.
994 849 1032 900 3,
1058 862 1096 901 p.
1127 848 1192 889 75.

177 921 276 956 Hab.
297 921 335 956 in
353 921 597 968 rupestribus
616 921 737 956 Tauri
764 920 913 956 Cilioici
932 921 979 956 ad
1002 920 1204 967 Gisyltepe
1225 921 1314 966 (ΚΥ.
1335 920 1451 965 1841),
1473 921 1521 956 ad
1546 919 1674 956 Giilek
1693 919 1830 964 (Bali),

130 968 327 1004 Armeniae
343 968 487 1012 (Tchih
500 969 537 1012 l),
555 979 673 1014 prope
688 968 833 1003 Baibut
847 968 1041 1013 (Boni-gl),
1059 969 1097 1002 in
1116 978 1225 1014 prov.
1245 968 1383 1002 Musch
1403 968 1449 1002 ad
1470 969 1617 1003 radices
1636 966 1828 1001 australes

128 1015 380 1061 Bingo'ldagh
399 1015 489 1061 (ΚΥ.
507 1015 627 1059 3171),
650 1017 689 1049 in
715 1015 894 1050 districtu
919 1014 1129 1050 Pertakrek
1159 1015 1271 1049 Ponti
1297 1015 1498 1050 orientalis
1526 1015 1582 1059 (C.
1610 1014 1716 1048 Koch
1729 1016 1765 1058 l),
1790 1014 1829 1047 in

140 1072 238 1098 Jrov.
255 1062 493 1106 Aderbidjan
509 1062 650 1097 Persiae
670 1062 789 1106 (Szov
805 1063 840 1106 l),
853 1062 893 1096 in
913 1062 1111 1097 montibus
1125 1063 1324 1097 Avroman
1338 1066 1374 1097 et
1388 1062 1544 1097 Schahu
1565 1061 1828 1095 Kurdistania:

161 1110 291 1145 ersioae
309 1109 487 1154 (Haussk
500 1109 538 1153 l).

187 1174 231 1228 β.
274 1173 432 1216 albida.
474 1198 533 1204 —
575 1173 764 1216 Densius
806 1176 1049 1216 tomentoso
1066 1185 1217 1215 -cana.
1267 1199 1318 1204 ——
1359 1173 1399 1216 C.
1436 1173 1583 1215 albida
1620 1173 1664 1216 C.
1715 1173 1829 1216 Koch

131 1234 207 1277 loc.
237 1233 316 1276 cit!

176 1307 277 1342 Hab.
296 1307 336 1341 in
354 1306 530 1342 districtu
552 1305 742 1341 Liwaneh
761 1306 958 1341 Armeniae
979 1305 1152 1341 Turoica:
1171 1305 1228 1350 (C.
1250 1305 1408 1349 Kochl).

177 1372 209 1405 A
235 1369 273 1406 C.
295 1366 588 1414 consanquineli
612 1369 795 1415 capitulis
820 1370 1043 1415 aggregatis
1068 1380 1225 1415 quoque
1252 1370 1397 1405 donata
1423 1369 1606 1404 distincta
1628 1370 1683 1405 eis
1709 1369 1830 1415 duplo

129 1417 356 1464 majoribus,
376 1417 526 1463 phyllis
545 1417 725 1452 distincte
742 1418 982 1452 mucronatis
1002 1420 1038 1452 et
1056 1416 1180 1451 multo
1203 1417 1362 1452 brevius
1381 1416 1534 1459 ciliatis,
1550 1427 1676 1462 pappo
1695 1416 1831 1462 longo;

129 1468 208 1512 qua
225 1467 319 1499 nota
337 1475 358 1499 a
376 1463 580 1510 speciebus
602 1463 787 1499 affinibus
809 1463 946 1499 differt.

189 1578 258 1620 84.
293 1577 348 1621 C.
379 1577 926 1631 zuccariniana(1).c.
956 1577 1109 1620 Prodr.
1136 1577 1205 1631 VI,
1232 1591 1268 1631 p.
1296 1578 1399 1632 574)
1424 1578 1827 1631 papilloso-hirtclla

130 1636 346 1690 asperula,
368 1636 564 1678 caulibus
584 1636 875 1678 mediocribus
894 1637 1110 1690 angulatis
1136 1638 1342 1679 tenuibus
1362 1648 1553 1690 superne
1573 1637 1828 1689 paniculatis

133 1695 264 1738 ramis
285 1694 492 1737 brevibus
506 1695 679 1744 foliosis,
694 1695 807 1738 foliis
822 1695 865 1737 in
885 1696 1061 1738 lacinias
1079 1695 1474 1749 oblongo-lineares
1494 1696 1647 1737 breves
1667 1707 1830 1737 mucro-

130 1757 255 1796 natas
280 1754 620 1808 pinnatipartitis
645 1754 926 1796 inferioribus
950 1754 1167 1809 petiolatis
1192 1758 1233 1796 ct
1260 1754 1480 1797 interdum
1517 1753 1683 1807 lyratis‚
1713 1766 1830 1795 sum-

133 1812 213 1855 mis
235 1812 434 1855 indivisis
461 1813 724 1865 glomerulos
753 1813 1090 1866 bracteantibns‚
1121 1813 1320 1867 capitulis
1345 1812 1573 1855 sessilibus
1599 1812 1639 1853 in
1669 1813 1830 1865 glome-

133 1870 253 1914 rulos
285 1871 536 1913 terminales
568 1872 808 1925 aggregatis
840 1871 1088 1925 cylindricis
1122 1872 1388 1926 paucitioris,
1422 1871 1633 1913 involucri
1669 1870 1830 1925 phyllis

131 1929 306 1984 pallidis
329 1933 510 1983 anguste
534 1930 959 1974 lineari-lanceolatis
982 1931 1191 1984 elongatis
1217 1931 1259 1972 in
1279 1931 1375 1972 cilia
1397 1931 1643 1983 longissima
1663 1934 1829 1972 setaoea

132 2000 312 2030 sursum
337 1988 500 2031 directa
524 1989 866 2043 pinnatipartitis
894 1990 1105 2044 plumosis
1129 1989 1612 2042 patenti—subrccurvis,
1639 1988 1830 2030 flosculis

132 2046 271 2090 roseis
298 2050 456 2100 praeter
480 2048 680 2089 intimum
710 2048 895 2090 fertilem
917 2049 1157 2100 sterilibus,
1185 2048 1361 2090 achenio
1385 2048 1568 2090 obovato
1590 2048 1680 2089 basi
1709 2047 1832 2089 valdo

131 2109 355 2148 attenuato
385 2117 649 2160 compresso,
680 2107 807 2161 pappi
851 2107 957 2149 setis
991 2107 1141 2162 paucis
1174 2106 1446 2149 intermediis
1484 2107 1661 2148 achenio
1701 2106 1832 2160 duplo

133 2164 425 2217 brevioribus,
448 2165 611 2207 intimis
634 2165 911 2209 brevioribus
937 2177 1021 2208 non
1049 2165 1380 2207 conniventibus
1399 2165 1468 2220 Θ.

180 2237 280 2273 Hah.
300 2239 339 2274 in
358 2239 509 2274 Graecia
527 2238 690 2284 (Zuccl),
715 2239 754 2274 in
780 2239 947 2275 collibus
972 2239 1092 2275 aridis
1119 2239 1294 2274 Arcadiae
1323 2238 1373 2274 ad
1399 2239 1503 2285 ripas
1530 2239 1642 2274 fluvii
1669 2239 1831 2273 Vourini

130 2284 411 2339 potami-inter
434 2285 652 2340 Kalavryta
677 2288 713 2322 et
741 2286 1010 2340 Megaspileon
1038 2286 1212 2330 (Heldrl,
1233 2285 1352 2332 Orph.
1379 2286 1530 2339 Fl3Gr.
1559 2286 1772 2331 exs.1·26l)‚
1793 2287 1830 2320 in

131 2334 322 2367 montosxs
341 2332 569 2378 Eurytamae
587 2343 708 2379 prope
723 2333 1173 2380 Carpen1si3300'-4000’
1194 2332 1312 2377 (Sam.
1329 2336 1366 2368 et
1380 2333 1536 2376 Gmcct)
1560 2332 1605 2367 Fl
1636 2332 1699 2367 Jul
1733 2334 1820 2377 Ang

178 2393 439 2442 Semipedalis
458 2395 520 2431 vel
539 2395 702 2442 pedalis,
720 2396 891 2443 capitula
909 2406 979 2431 sex
996 2395 1121 2431 lineas
1141 2395 1260 2441 longa
1279 2395 1425 2442 pallide
1449 2395 1596 2430 ssavida
1622 2395 1770 2441 phyllis
1792 2395 1829 2430 in

130 2445 233 2477 setas
245 2442 386 2487 longas
403 2442 547 2477 nitidas
565 2443 719 2489 partitis
730 2443 912 2490 plumosa
926 2446 964 2478 et
978 2443 1284 2487 elegantissima.
1297 2443 1454 2488 Pappus
1467 2443 1575 2477 nullo
1589 2443 1706 2477 modo
1716 2442 1830 2477 cadu-

130 2498 199 2525 cus
211 2488 280 2524 sed
292 2489 536 2536 paucisetus3
561 2490 659 2525 serie
672 2491 846 2526 interiori
858 2491 978 2537 pappi
990 2490 1294 2525 subindistinota
1308 2490 1407 2524 inter
1421 2490 1556 2525 affines
1569 2490 1782 2525 abnormis.

743 2608 761 2625 ‘
789 2608 806 2625 ¹
834 2608 852 2625 ²
881 2608 898 2625 *
927 2608 944 2626 '
970 2609 1216 2645 Dumulosae.

191 2705 259 2746 85.
300 2704 354 2747 G.
389 2704 674 2748 intricata
714 2705 875 2760 (Boiss.
918 2706 1069 2760 Diagn.
1101 2705 1193 2748 Ser.
1229 2706 1260 2756 I,
1297 2708 1337 2747 6.
1376 2720 1417 2761 p.
1462 2706 1560 2760 130)
1601 2705 1827 2748 dumulosa

130 2763 465 2817 adpressissime
491 2776 610 2815 cana,
638 2765 836 2808 caulibus
866 2766 1103 2807 humilibus
1125 2764 1535 2808 suft'rutescentibus
1558 2763 1830 2818 subaphyllis

131 2834 154 2864 a
183 2822 274 2864 basi
303 2822 452 2864 stricte
475 2825 518 2864 et
545 2822 786 2865 dichotome
816 2824 1140 2874 ramosissimis,
1160 2823 1340 2866 ramulis
1372 2823 1586 2877 angulatis
1623 2823 1829 2865 tenuibus

132 2880 306 2923 demum
343 2880 696 2935 persistentibus,
733 2882 842 2924 foliis
878 2882 1141 2926 radicalibus
1155 2913 1283 2924 .....
1297 2916 1306 2934 ,
1344 2882 1527 2925 caulinis
1563 2882 1759 2924 breviter
1788 2886 1830 2922 et

131 2942 316 2991 anguste
333 2939 573 2982 linearibus
588 2940 1012 2994 integris,supremis
1031 2942 1222 2983 minimis
1238 2941 1646 2995 squamaeformibus
1665 2952 1828 2982 mucro-

132 2997 308 3051 nulatis,
337 2998 537 3052 capitulis
567 2998 820 3041 axillaribus
853 3003 896 3042 et
925 3000 1228 3043 terminalibus
1267 2999 1583 3042 subsessilibus
1621 2999 1828 3042 solitariis
