2090 3291
273 232 344 268 866
1009 240 1252 267 COMPOSITAE-
1724 234 1958 273 Hz'eraez’um
1967 263 1978 271 .
1997 261 2001 271 .

274 317 480 360 sinsculis
511 316 603 358 basi
641 316 786 358 sessili
825 316 1072 363 attenuatis,
1100 317 1353 359 axillaribus
1392 317 1829 369 lineari-lanceolatis,
1865 322 1982 374 capi-

272 376 377 419 tulis
401 376 693 418 mediocribus
715 374 905 429 globosis
934 373 1058 428 longe
1082 375 1403 429 pedunculatis.
1430 376 1657 418 involucro
1679 377 1841 431 pallido
1864 381 1978 432 pube

271 438 444 478 ramosa
466 433 707 477 canescenti
731 436 1030 488 praetereaque
1052 434 1206 477 crebre
1225 439 1268 477 el
1292 434 1480 477 molliter
1504 435 1675 478 hirsuto
1693 436 1981 488 eglanduloso

272 493 432 548 phyllis
459 493 716 536 acuminatis
755 499 811 540 26.

319 566 421 603 Hah.
441 566 480 602 in
500 566 680 602 faucibus
699 576 817 613 prope
833 565 1173 602 Gumuschkhane
1187 567 1384 605 Armeniae
1401 567 1790 613 Tu1·eicae(ssourg!).
1811 569 1866 604 Fl.
1887 569 1976 605 Mai.

318 630 613 677 Sesqfflpedale,
635 630 728 666 folia
744 630 927 666 interiora
944 629 1232 674 &limoniam-ia
1252 630 1435 677 pollicem
1453 631 1548 675 lata‚
1570 632 1739 679 capitula
1757 633 1828 669 5-8
1847 636 1903 669 eis
1923 634 1973 670 H.

270 677 453 714 echz'oz'dis
472 679 621 724 majora
643 689 666 713 a
684 688 762 724 quo
784 681 825 712 ut
844 681 881 713 et
906 677 958 712 ab
984 677 1166 713 affinibus
1196 678 1306 714 caule
1328 689 1461 714 crasso
1482 679 1558 715 fere
1579 689 1602 714 a
1621 680 1709 715 basi
1728 691 1885 716 ramoso
1903 682 1980 717 dif-

268 726 349 761 fert.
363 725 497 760 Facies
517 726 679 760 omnino
699 725 880 760 sectionis
900 724 1269 769 Pulmonariorum,
1284 726 1351 761 sed
1373 726 1539 761 achenia
1557 726 1711 762 minuta
1730 728 1765 771 (1
1787 728 1872 772 lin.)
1891 733 1975 764 atra

269 776 306 808 et
323 783 476 819 pappus
494 772 718 808 uniserialis
739 771 941 814 Pilosellae,
960 772 1237 808 indumentum
1257 772 1299 808 H
1328 773 1463 809 incam'
1480 773 1547 809 sed
1566 774 1779 820 corymbus
1805 775 1981 821 oligoce-

268 819 414 866 phalus
432 823 469 855 et
487 819 660 866 capitula
679 819 800 866 duplo
819 820 976 865 majora.

333 935 381 976 18
431 933 494 976 Η.
521 933 920 976 cheirifolium
956 933 1113 979 (Boiss.
1144 938 1185 976 et
1208 935 1414 985 Haussk.)
1438 934 1675 979 rbizomate
1700 938 1975 990 praemorso‘?

268 993 510 1035 stolonibus
537 992 745 1034 destituto
779 993 951 1035 rosulas
977 993 1190 1036 radicales
1216 993 1393 1036 sessiles
1420 994 1581 1036 edeuli.
1604 995 1802 1038 caulibus
1830 996 1973 1049 virga-

266 1052 320 1094 tis
349 1053 472 1094 elatis
496 1051 803 1106 glabriusculis
831 1063 946 1105 saepe
971 1065 993 1093 a
1022 1052 1162 1095 medio
1189 1064 1314 1106 parce
1353 1053 1537 1096 ramosis
1563 1054 1658 1096 laxe.
1698 1055 1973 1108 paniculatis,

258 1111 377 1153 foliis
417 1111 574 1164 pallide
612 1111 856 1152 virentibus
897 1124 1024 1165 parce
1060 1111 1483 1165 stellulato-puberis
1517 1116 1560 1155 et
1587 1112 1639 1154 ad
1674 1126 1835 1157 nervos
1863 1115 1969 1156 setis

265 1170 414 1223 paucis
450 1170 656 1212 brevibus
693 1169 845 1212 obsitis
885 1169 1132 1213 lanceolalis
1167 1170 1304 1213 acutis
1347 1172 1594 1214 rosularum
1628 1176 1671 1214 et
1704 1173 1967 1215 radicalibus

265 1229 606 1282 persistentibus
632 1230 673 1270 in
700 1229 909 1283 petiolum
941 1229 1259 1282 longiusculum
1285 1231 1534 1281 attenuatis,
1561 1231 1745 1273 caulinis
1776 1233 1846 1273 1-2
1876 1244 1970 1274 ses-

265 1288 420 1330 silibus
463 1288 710 1331 diminutis,
756 1289 957 1341 capitulis
1006 1288 1296 1331 mediocribus
1344 1289 1612 1342 longiuscule
1665 1291 1969 1343 pedunculatis

262 1346 857 1401 ovato-globosis‚.involucro
879 1347 1227 1402 pedunculisque
1247 1348 1402 1390 crebre
1422 1352 1465 1390 et
1482 1349 1675 1392 breviter
1693 1349 1971 1401 glanduloso—

262 1407 414 1459 pilosis
443 1407 601 1461 phyllis
629 1407 766 1448 aculis
807 1413 864 1468 Ἃ.

309 1479 410 1514 Hal).
430 1480 470 1515 in
487 1479 663 1515 vallibus
681 1479 825 1525 alpinis
846 1480 945 1515 inter
963 1484 1114 1519 montes
1130 1480 1259 1516 Kellal
1277 1485 1314 1516 et
1327 1481 1532 1517 Sebsekuh
1550 1481 1714 1517 ditionis
1732 1481 1967 1526 Bachtiaris,

262 1527 378 1562 unica
398 1528 552 1572 generis
582 1528 727 1573 species
748 1526 898 1573 alpium
919 1528 1061 1563 Persi-ae
1080 1528 1487 1564 austro-occidentalis
1507 1529 1635 1564 incola
1656 1529 1839 1573 (Haussk
1854 1531 1892 1573 !.)·

306 1590 447 1626 Planta
468 1589 673 1636 bipedalis.
703 1590 799 1625 solia
826 1591 1048 1625 ros-uiarum
1076 1602 1164 1625 cum
1194 1591 1339 1637 petiolo
1366 1591 1623 1638 semipedalia
1643 1592 1706 1627 7-9
1725 1592 1849 1628 lineas
1870 1592 1964 1633 lata,

259 1637 432 1683 capitula
453 1638 614 1682 magnit.
635 1636 683 1672 H.
699 1636 891 1673 echioidis.
911 1637 1013 1673 Inter
1031 1638 1164 1672 affinia
1184 1638 1289 1674 foliis
1310 1639 1440 1684 longis
1460 1639 1773 1685 angustis,caule
1791 1650 1813 1674 a
1833 1639 1968 1675 medio

258 1695 424 1728 ramoso,
445 1685 732 1720 inflorescentia
754 1684 845 1720 laxa
863 1685 1045 1720 notabile.

919 1801 1079 1843 Forma
1105 1801 1305 1853 hybrida.

320 1928 366 1969 H.
388 1927 831 1980 pilosella-echioides
850 1928 964 1982 (Seli.
987 1929 1078 1982 Bip.
1100 1929 1225 1971 Flora
1253 1929 1348 1973 XX.
1369 1942 1406 1983 p.
1438 1929 1544 1984 4⁶23)
1566 1930 1667 1983 plus
1686 1929 1830 1972 minus
1850 1932 1965 1971 selo·

255 2000 367 2029 sum.
403 1987 591 2029 rbizoma
620 1999 777 2041 repens
804 1988 1121 2030 stoloniserum.
1145 1989 1243 2030 folia
1271 1988 1505 2030 lanceolata
1532 1994 1655 2030 acuta
1681 1988 1837 2031 subtus
1863 1989 1964 2041 plus

253 2046 399 2088 minus
439 2046 633 2099 floccum,
668 2058 826 2099 scapus
858 2049 1054 2090 fui-catus
1094 2048 1158 2089 vel
1198 2049 1383 2101 simplex
1421 2047 1737 2101 1-4-cepbalus,
1774 2048 1961 2101 capitula

253 2105 500 2155 mediocria,
521 2105 687 2147 flosculi
712 2106 811 2147 ssavi
846 2112 903 2153 36.
931 2106 982 2148 H.
1008 2105 1236 2158 bifurcam
1263 2107 1368 2150 ΜΒ.
1398 2107 1527 2150 Taur.
1555 2105 1668 2149 Cauc
1711 2105 1765 2153 ll,
1796 2120 1835 2161 p.
1862 2107 1959 2147 ⁹234.

298 2179 399 2214 Hah.
421 2180 461 2214 in
481 2180 680 2215 montibus
700 2180 812 2215 Ponti
835 2179 960 2215 Lazici
986 2180 1120 2225 (Bali),
1141 2181 1316 2217 Caucaso
1335 2180 1463 2225 (MR,
1482 2180 1643 2217 Hohenl
1660 2180 1817 2228 Ruprl).

297 2243 450 2289 Saepius
471 2243 602 2278 forsan
621 2242 1043 2289 Hmczcrcmthiquam
1055 2243 1104 2279 H.
1119 2243 1311 2280 Pilosellte
1326 2243 1626 2291 proles-Planta
1646 2244 1838 2280 Rhenana
1858 2243 1962 2288 ejus-

249 2290 335 2325 dem
359 2290 530 2325 nominis
549 2293 607 2325 est
619 2301 665 2326 ex
684 2290 732 2326 cl.
755 2290 842 2325 Scb.
866 2290 948 2336 ssip.
968 2290 1016 2326 H.
1036 2291 1454 2338 pz'losello-proealtum.

744 2460 928 2503 Srssem.
963 2461 1012 2503 ll.
1049 2460 1454 2504 EUHlERACIUM.

871 2587 992 2630 SECT.
1028 2588 1057 2628 Ι.
1104 2588 1323 2630 AURELLA.

922 2713 964 2746 A.
994 2721 1272 2746 PHYLLOPODA.

834 2858 840 2865 .
882 2826 915 2865 1.
952 2823 1371 2868 Cerinthoidea
1381 2854 1392 2864 .

807 2827 828 2874 Vs.

300 2951 367 2991 119.
407 2950 456 2991 H
510 2949 783 2994 Graecum
820 2949 977 3003 (Boiss
1014 2955 1056 2992 et
1095 2951 1242 2992 Heldr.
1280 2951 1432 3004 Diagn.
1475 2950 1565 2992 Ser.
1603 2950 1652 3001 ΙΙ,
1695 2950 1733 3000 3,
1768 2962 1809 3004 p.
1844 2949 1947 3003 101)

237 3009 473 3050 rliizomate
499 3018 612 3063 stepo
641 3011 836 3063 elongato
865 3010 1128 3063 subrepenle
1157 3014 1196 3052 et
1222 3010 1448 3052 interdum
1470 3021 1657 3061 ramoso,
1679 3008 1786 3051 collo
1815 3021 1945 3063 squa-
