2066 3296
81 205 373 244 .Melanoloma.
825 213 1069 239 composrrAE.
1725 202 1797 240 705

91 287 300 331 solitariis
327 286 441 328 foliis
468 284 716 328 lanceolatis
743 284 931 328 dentatis
957 286 1019 328 eis
1035 284 1391 338 sublongioribus
1419 284 1512 327 basi
1537 285 1791 338 bracteatis,

91 346 307 389 involucri
323 344 462 399 glabri
484 344 641 398 phyllis
661 343 876 386 viridibus
893 343 1089 397 oblongis
1111 343 1303 396 margine
1326 344 1411 386 lato
1431 344 1621 387 scarioso
1640 344 1797 387 decur-

91 405 209 447 renti
225 405 269 447 in
288 404 440 446 dentes
466 403 726 445 lanceolatos
751 402 871 445 albos
895 402 1030 456 phylli
1052 402 1278 445 latitudine
1297 401 1609 446 subbreviores
1635 404 1794 457 partito

91 463 248 506 inermi
284 462 450 514 obsitis‚
475 462 669 504 flosculis
700 461 894 503 externis
922 472 945 503 e
979 460 1091 502 sicco
1118 460 1273 502 albidis
1298 461 1343 503 in
1370 461 1575 504 laminam
1609 461 1794 516 amplam

94 526 319 565 cuneatam
356 521 510 564 obtuse
550 520 888 574 pluricrenatam
934 518 1220 570 radiantibus,
1256 520 1447 563 acheniis
1485 520 1612 562 hirtis
1654 532 1796 575 pappo

94 580 337 634 aequilongo
361 579 579 634 superatis
601 584 665 630 O.

141 652 241 688 Hah.
263 652 304 687 in
322 652 484 688 Galatia
500 651 662 696 (Tehih.
687 651 728 686 in
746 651 853 686 herb.
873 650 982 686 Hort.
995 651 1183 697 Petropl]

143 723 286 759 Caules
305 722 476 770 pedales,
497 722 612 759 facies
634 722 688 758 M.
706 721 854 769 pullatz
873 732 893 756 a
918 732 997 768 quo
1015 723 1168 767 egregie
1187 723 1316 758 differt
1331 722 1414 770 phy
1405 723 1563 759 llorum
1583 723 1797 770 appendice

92 771 236 807 inermi
261 771 490 816 laminaque
514 770 767 805 flosculorum
792 769 891 804 radii
917 779 995 804 non
1024 769 1240 805 fimb1iato-
1228 772 1385 817 -partita
1410 770 1478 805 sed
1507 771 1740 807 brevissime
1759 774 1796 807 et

94 818 234 854 obtuse
252 817 465 853 crenulata.
488 817 643 863 Species
662 816 826 863 pulchra
845 827 891 851 ex
910 816 1122 862 specimine
1142 817 1377 864 incompleto
1395 817 1602 864 descripta.

158 982 339 1030 CNlCUS
372 981 550 1043 (Gaertn.
586 980 722 1028 Frucl.
761 981 814 1037 ll,
846 980 932 1029 385
958 979 1039 1028 tab.
1070 979 1155 1028 162
1189 994 1266 1029 non
1307 980 1365 1041 L.)
1393 1008 1456 1016 ——
1485 980 1735 1029 Carbenia

647 1046 833 1093 Adans.
869 1045 1007 1092 Fam.
1040 1046 1100 1098 II,
1133 1046 1242 1093 116.

155 1194 401 1249 Capitulum
426 1194 750 1248 heterogamum
776 1194 969 1236 flosculis
994 1193 1287 1236 exterioribus
1313 1194 1551 1237 sterilibus
1576 1194 1798 1238 Involucri

91 1254 241 1310 phylla
264 1253 551 1307 pauciseriata
571 1254 611 1295 in
638 1253 805 1306 spinam
831 1253 1051 1306 pinnatam
1075 1252 1290 1294 abeunt-ia.
1310 1254 1651 1307 Receptaculum
1675 1255 1800 1307 longe

97 1316 304 1356 setosum.
331 1312 536 1355 Antherae
577 1312 664 1355 basi
707 1312 898 1354 breviter
924 1311 1130 1356 caudatae.
1161 1311 1380 1354 filamenta
1408 1312 1632 1366 papillosa.
1662 1313 1801 1356 Ache-

96 1373 217 1415 nium
245 1371 446 1414 elevatim
470 1372 800 1426 pluricostatum
835 1370 1028 1423 margine
1049 1369 1215 1412 elevato
1241 1370 1413 1414 dentato
1436 1375 1690 1414 coronatum
1713 1372 1800 1414 hilo

89 1431 223 1474 valde
246 1430 428 1472 laterali.
443 1430 617 1485 Pappus
646 1430 890 1483 persistens
915 1428 1126 1472 biformis.
1152 1430 1345 1473 exterior
1367 1430 1514 1472 aristis
1544 1431 1596 1472 10
1618 1430 1803 1473 interior

96 1490 204 1533 setis
235 1490 285 1531 10
311 1488 517 1531 tenuibus
544 1489 752 1531 brevibus
776 1493 992 1530 constans.
1014 1513 1069 1518 —
1086 1487 1229 1530 Herba
1256 1502 1413 1531 annua.
1431 1512 1490 1518 --
1507 1487 1566 1530 Cl.
1589 1488 1801 1532 Bentham

96 1551 214 1591 reete
237 1546 342 1590 Gen.
364 1548 426 1589 Pl.
446 1547 500 1601 II,
519 1561 557 1601 p.
579 1549 662 1589 482
682 1547 989 1590 animadvertit
1006 1548 1114 1589 hanc
1139 1547 1326 1599 plantam
1346 1560 1368 1589 a
1390 1547 1553 1590 Linneo
1573 1548 1655 1590 sub
1674 1547 1803 1590 Caico

97 1619 177 1650 suo
192 1609 491 1649 enumeratam
508 1607 638 1661 hujus
652 1606 886 1648 characteri
904 1606 1104 1659 generico
1124 1617 1208 1648 non
1221 1607 1474 1659 convenire3
1495 1607 1639 1660 aptius
1657 1611 1800 1650 tamen

94 1666 272 1709 videtur
293 1677 430 1718 genus
449 1665 641 1708 Getrsnmz
659 1679 680 1707 a
701 1665 1006 1708 Toni-neforlio
1025 1665 1247 1718 antiquius
1266 1665 1541 1719 propositum
1563 1669 1606 1707 et
1624 1666 1804 1709 Caicum

96 1737 231 1768 sensu
258 1723 556 1766 Gaerlneriano
587 1736 782 1775 servare,
809 1736 888 1766 nec
911 1724 1154 1778 specierum
1183 1724 1645 1767 numerosissimarum
1671 1723 1805 1767 Cirsiz‘

94 1795 255 1827 nomen
278 1784 526 1837 genericum
555 1786 738 1825 mutare..

159 1927 196 1969 1.
232 1926 287 1970 G.
324 1925 673 1969 benedictus
709 1926 775 1981 (L.
804 1927 875 1981 Sp.
904 1927 1015 1970 Edit.
1044 1927 1075 1978 I,
1102 1941 1141 1981 p.
1167 1927 1272 1980 626)
1306 1940 1479 1970 annuus
1501 1927 1803 1970 villoso-lanu-

97 1986 293 2040 ginosus,
312 1986 431 2027 caule
450 1985 573 2028 brevi
596 1986 863 2028 divaricalim
882 1998 1067 2038 ramoso,
1085 1987 1199 2029 foliis
1222 1986 1378 2040 pallide
1399 1987 1644 2028 virentibus
1661 1987 1802 2029 tenui-

97 2049 166 2087 ter
191 2044 396 2086 coriaceis
424 2049 467 2086 et-
492 2044 689 2087 elevatim
717 2045 954 2088 reticulatis
979 2045 1434 2098 oblongo-lanceolatis
1458 2045 1805 2098 sinuato-pinna-

97 2102 234 2146 tilidis
274 2102 499 2157 partilisve
542 2103 726 2145 sinubus
766 2105 1011 2147 rotundatis
1054 2105 1292 2158 segmentis
1329 2103 1805 2158 triangulari-oblongis

100 2161 551 2215 spinuloso-dentatis‚
573 2161 834 2205 radicalibns
858 2163 900 2204 in
925 2163 1129 2217 petiolum
1158 2163 1338 2205 brevem
1359 2163 1596 2205 attenuatis
1623 2163 1806 2206 caulinis

99 2220 487 2274 amplexicaulibus
514 2221 707 2262 breviter
731 2222 1320 2274 decurrentibus,floralibus
1344 2223 1430 2264 late
1457 2221 1806 2275 ovato-oblongis

100 2279 336 2333 capitulum
365 2279 650 2332 majusculum
676 2283 850 2322 ovatum
872 2281 1250 2324 involucrantibus
1270 2285 1313 2323 et
1336 2280 1660 2334 superantibus,
1684 2280 1808 2323 invo-

100 2338 211 2380 lucri
239 2338 437 2380 araneosi
459 2338 618 2393 phyllis
649 2339 744 2380 latis
771 2340 976 2382 coriaceis
1001 2339 1225 2393 adpressis
1252 2340 1295 2381 in
1324 2340 1492 2393 spinam
1516 2340 1686 2391 longam
1711 2339 1805 2393 pin-

101 2399 247 2438 natam
283 2396 434 2439 duram
461 2397 736 2440 abeuntibus.
766 2398 959 2440 flosculis
986 2398 1157 2440 flavidis
1182 2411 1263 2441 non
1291 2398 1563 2441 radiantibus
1590 2397 1807 2440 involucri

100 2455 242 2510 spinis
266 2455 561 2508 brevioribus,
594 2456 722 2509 pappi
753 2456 903 2499 aristis
930 2457 1125 2499 externis
1152 2458 1329 2499 achenio
1357 2456 1625 2508 longioribus
1656 2460 1719 2506 (ξ).
1749 2456 1805 2498 Ic.

102 2512 266 2556 Gaertn.
305 2514 387 2556 lab.
425 2516 519 2556 162.
550 2539 601 2544 ——
633 2514 693 2556 Fl.
721 2514 855 2558 Graec.
889 2518 917 2558 t.
946 2517 1044 2558 906.
1082 2539 1135 2546 -—
1161 2515 1281 2558 Rchl)
1328 2515 1384 2557 Ic.
1410 2515 1495 2558 tab.
1527 2515 1595 2557 17.
1622 2538 1676 2545 --
1704 2513 1808 2556 Cen-

102 2575 282 2683 ἰῖιπιῗέαὲ
282 2571 503 2614 benedicta
527 2573 571 2614 L.
599 2573 670 2627 Sp.
701 2575 826 2616 1296.
848 2599 901 2603 —
920 2573 1133 2617 Carbonia
1156 2573 1377 2616 benedicta
1399 2574 1467 2615 Bth
1486 2577 1527 2617 et
1544 2574 1683 2616 Hook.
1700 2572 1806 2615 Gen.

153 2712 254 2748 Hab.
272 2713 311 2747 in
330 2713 445 2749 cultis
461 2714 632 2759 regionis
650 2715 689 2749 il
679 2714 844 2749 ferioris
864 2715 983 2750 totius
1005 2714 1177 2760 regionis
1199 2725 1222 2750 a
1244 2714 1412 2750 Graecial
1435 2717 1473 2750 et
1492 2713 1739 2750 Macedonia!
1759 2714 1808 2749 ad

103 2758 259 2805 Syriam
278 2770 399 2807 prope
419 2761 572 2807 Aleppo
591 2761 682 2807 (Ky.
706 2761 844 2805 reli-582)
863 2762 1213 2798 Transcaucasiam
1232 2761 1430 2806 [BuhseD.

166 2833 209 2886 β.
239 2832 595 2886 microeeplzalus.
617 2860 670 2865 -—
688 2835 807 2877 Folia
835 2835 1094 2889 profundius
1118 2834 1330 2887 laciniata,
1353 2833 1540 2889 capitula
1563 2836 1605 2876 et
1632 2834 1809 2876 achenia

102 2890 353 2933 minora—
386 2891 426 2934 C.
448 2891 793 2946 microeeplzalas
821 2893 959 2936 Boiss.
986 2893 1028 2935 in
1053 2893 1213 2947 Bourg.
1241 2905 1332 2935 exs.

154 2972 255 3008 Hab.
278 2973 319 3008 in
338 2973 458 3019 Lycia
475 2985 595 3021 prope
613 2975 770 3011 Elmalu
789 2976 984 3021 (Boni-gl).

1527 3037 1575 3073 45
