2066 3296
125 252 348 290 Centaurea
357 277 364 286 .
852 259 1094 286 composnAE.
1753 259 1824 295 (315

125 333 518 388 circumscriptum,
537 332 931 376 naturalissimum.
948 336 991 375 et
1007 333 1104 375 ideo
1122 333 1162 376 in
1187 337 1399 378 sectiones
1423 349 1534 390 aegre
1559 339 1822 382 distribuen-

127 395 243 437 dum.
255 392 504 436 Sectionum
516 392 789 434 characteres
801 402 823 433 e
837 391 1221 445 phyllisinvolucri
1240 394 1307 448 (ut
1330 406 1479 438 omnes
1497 398 1586 438 fere
1603 402 1819 450 auctores)

127 452 367 505 desumpsi,
385 451 460 494 sed
479 462 631 493 eorum
656 453 879 492 structura
898 451 1027 492 etiam
1051 452 1094 493 in
1120 452 1273 494 eadem
1296 454 1438 506 specie
1461 455 1586 497 valde
1602 457 1823 499 variabilis

125 514 204 561 est,
235 511 298 553 sic
330 510 370 553 C.
398 508 702 562 crocodylium
726 509 866 551 variat
900 509 1058 563 phyllis
1091 511 1271 564 integris
1307 513 1373 554 vel
1407 514 1822 568 pectinato·ciliatis;

125 569 169 612 C.
201 567 422 621 Scabiosa,
448 567 491 611 C.
519 566 792 620 Samnitum,
820 567 859 610 C.
885 568 1104 619 rupe-stris
1132 570 1293 612 habent
1324 571 1471 625 phylla
1493 573 1559 614 vel
1585 574 1709 627 spina
1736 577 1822 616 ter-

125 629 287 671 minata
317 627 386 669 vel
421 627 716 677 subinermia3
754 627 886 670 sectio
920 626 1218 680 Microlophus
1251 629 1431 671 includit
1468 632 1634 684 species
1663 632 1821 686 phyllis

127 685 300 741 spinula
339 686 524 741 simplici
557 685 726 728 donatis
765 686 861 728 aliis
897 685 1017 740 apice
1052 687 1272 740 palmatim
1308 688 1544 741 spinulosis
1579 694 1694 732 arcte
1731 691 1822 733 affi-

125 757 218 798 nes,
237 748 318 788 etc.
337 744 570 788 Character
594 744 842 799 phyllorum
859 745 1096 799 appendice
1124 745 1381 788 donatorum
1409 747 1477 790 vel
1505 761 1590 790 non
1615 749 1820 803 appendi-

123 805 369 847 culatorum
393 804 569 847 omnino
596 802 774 846 fictitius
800 807 881 845 est.
902 816 1001 845 nam
1017 804 1160 846 omnia
1183 805 1377 858 margine
1401 806 1729 850 membranaceo
1754 808 1819 850 vel

123 863 318 906 coriaceo
336 863 506 905 etiamsi
524 861 746 905 interdum
769 865 953 915 angusto
975 866 1018 904 et
1037 862 1256 915 appendioe
1273 864 1322 906 ad
1342 865 1511 908 libitum
1529 867 1820 920 nuncupando

124 921 280 964 donata
319 925 437 964 sunt.
484 921 585 964 Haec
620 921 838 975 appendix
876 921 1046 965 inferne
1085 933 1212 964 secus
1249 923 1406 976 phyllis
1446 925 1662 978 margines
1703 936 1818 979 saepe

125 980 319 1023 decurrit
345 980 423 1022 sed
462 980 551 1022 haec
580 982 679 1022 nota
709 979 896 1022 obscura
926 983 993 1022 est
1019 984 1061 1023 et
1091 993 1205 1035 saepe
1244 981 1416 1024 difficile
1443 986 1510 1025 est
1538 983 1736 1026 decidere
1768 997 1820 1025 an

119 1040 252 1094 hujus
268 1039 337 1082 vel
350 1039 468 1082 illius
480 1039 639 1093 speciei
653 1038 872 1092 appendix
886 1039 1194 1092 angustissime
1209 1041 1402 1091 decurrit
1417 1045 1490 1084 aut
1512 1054 1595 1084 non
1616 1043 1822 1085 decurrit.

120 1097 246 1140 Notis
277 1099 331 1141 ab
356 1098 584 1141 involucro
619 1098 863 1151 desumptis
899 1098 944 1139 in
978 1099 1216 1140 sectionum
1245 1099 1644 1154 circumscriptione
1678 1100 1819 1143 addidi

119 1167 236 1211 saepe
260 1170 332 1200 eas
358 1171 382 1200 a
410 1157 652 1210 duratione,
673 1169 697 1198 a
722 1157 835 1199 foliis
861 1156 1197 1200 decurrentibus
1221 1158 1288 1199 vel
1311 1171 1396 1201 non
1423 1158 1771 1211 decurrentibus,
1799 1173 1820 1200 a

121 1216 251 1271 pappi
274 1218 430 1259 natura
459 1216 725 1271 desumptas.

536 1379 787 1432 specierum
815 1378 1105 1422 Orientaliimz
1132 1379 1401 1425 distributio.

180 1520 304 1566 SEGT.
338 1522 370 1564 I.
404 1522 586 1565 HYALEA
617 1533 697 1564 Μ’..
726 1520 881 1563 Prodr.
905 1519 978 1573 vl,
1004 1534 1044 1575 p.
1066 1522 1163 1563 565.
1183 1545 1239 1554 ——-
1263 1521 1446 1564 Annuae.
1474 1523 1668 1577 Capitula
1687 1538 1820 1579 parva

417 1581 615 1634 oblonga.
645 1579 867 1623 Involucri
899 1579 1045 1634 phylla
1070 1580 1323 1623 membrana
1350 1582 1434 1624 lata
1468 1583 1641 1637 hyalina
1668 1583 1819 1627 obtusa

417 1639 668 1683 decurrenti
694 1639 866 1693 integra
891 1638 960 1681 vel
987 1639 1128 1682 lacera
1153 1640 1406 1693 marginata.
1447 1641 1636 1684 Achenia
1663 1655 1814 1697 parva.

167 1729 209 1768 C.
229 1729 439 1778 φαῖσῆεῑῐα,
457 1728 778 1778 Hierapolitema.

176 1859 299 1903 Snc‘r.
332 1860 386 1904 II.
421 1860 703 1904 Panormus.
741 1884 796 1890 —
830 1858 1080 1913 Phalolepis
1104 1863 1146 1903 et
1171 1859 1454 1903 Centaurium
1479 1875 1559 1905 nc.
1589 1862 1741 1905 Prodr.
1763 1888 1815 1893 —

417 1919 642 1962 Perennes
680 1918 827 1962 rarius
859 1918 1054 1962 biennes.
1095 1918 1289 1974 Capitula
1327 1920 1560 1963 mediocria
1595 1921 1816 1964 interdum

412 1990 581 2032 magna.
602 1976 824 2027 Involucri
842 1977 990 2032 phylla
1013 1978 1263 2022 membrana
1281 1979 1365 2022 lata
1385 1979 1558 2033 hyalina
1575 1979 1731 2023 obtusa
1748 1981 1817 2022 vel

415 2037 603 2080 molliter
632 2036 857 2092 cuspidata
882 2036 1052 2090 integra
1078 2039 1205 2081 erosa
1231 2038 1299 2080 vel
1324 2038 1466 2081 lacera
1491 2038 1567 2081 sed
1592 2051 1814 2094 nunquam

412 2095 555 2139 ciliata
581 2106 660 2138 nec
685 2095 731 2137 in
754 2096 974 2150 spinulam
1000 2095 1184 2139 abeunte
1211 2097 1461 2151 marginata.

852 2193 871 2211 *
900 2192 1085 2230 B‘iennes.

162 2270 202 2309 C.
221 2271 324 2319 alba,
343 2272 496 2319 ster-ais,
514 2273 828 2321 maryaritacea.

833 2382 847 2396 ·
871 2381 885 2397 *
905 2378 1110 2415 Perennes.

800 2461 842 2503 4-
893 2457 1129 2494 Flavissorae.

164 2535 204 2573 C.
224 2536 500 2584 lactucoelolia‚
519 2537 752 2586 Βαιήεηίοα,
765 2537 988 2575 Musarum.

784 2646 827 2687 «4-
855 2646 898 2687 4-
925 2642 1147 2690 Purpureae.

164 2718 201 2756 C.
219 2720 456 2774 amplz'solia‚
462 2720 864 2769 pm·9amacea,hella‚
876 2720 1177 2769 sz’mplicicaulis,
1190 2721 1471 2767 mueronifera,
1482 2719 1669 2765 Cadmea,
1680 2718 1814 2766 Lyn-za,

113 2765 377 2814 Aphrodzsea,
391 2766 632 2816 Lycaoniea,
645 2768 877 2815 sumniam,
892 2779 1066 2812 amoena,
1083 2767 1365 2805 Candolleana.

173 2897 294 2942 Sacr.
327 2900 401 2944 ΙΙΙ.
436 2900 574 2944 ,ΙΑοΕΔ
606 2899 725 2944 Cass.
762 2924 823 2932 —
870 2900 1109 2943 Perennes.
1153 2898 1350 2955 Capitula
1392 2898 1623 2941 mediocria
1670 2897 1816 2940 rarius

389 2954 577 3013 ‘magna
615 2959 836 3004 Involucri
871 2959 1018 3014 phylla
1053 2959 1291 3015 appendice
1321 2958 1510 3001 scariosa
1542 2969 1628 3000 non
1662 2956 1815 2999 decur-

410 3021 536 3062 rente
562 3018 815 3073 pectinatim
844 3018 985 3061 ciliata
1006 3019 1125 3072 apice
1150 3029 1235 3060 non
1264 3017 1537 3071 spinescente
1565 3015 1795 3059 terminata
