2071 3241
129 215 410 262 Helz'chrysum.
858 226 1103 254 COMPOSITAE.
1758 221 1833 258 229

186 346 207 403 5
239 350 276 390 2.
310 347 587 402 Virginea
620 361 699 391 nc.
728 349 805 392 loc.
830 350 898 392 cit.
928 363 965 403 p.
998 352 1090 393 177.
1117 374 1173 382 —-
1201 352 1418 394 Involucri
1447 352 1593 406 phylla
1622 353 1831 395 interme-

423 407 490 448 dia
518 408 690 451 discum
709 409 834 451 valde
859 410 1112 464 superantia
1135 411 1280 463 patula
1303 411 1477 452 demum
1501 411 1724 454 radiantia.

176 506 223 542 H.
242 507 471 554 υύῃίηειιφη,
491 507 768 555 Amoryz'num,
787 506 1026 544 Bz’llardicri.

716 655 739 713 ς
780 657 811 697 l.
844 653 1235 699 Staechadina.

197 786 212 801 ‘
240 784 498 832 Oliyophylla.
521 805 560 810 —-
585 785 779 821 Involueri
798 785 936 832 phylla
954 785 1001 822 25
1018 785 1208 824 rariussso
1228 786 1413 822 inferiora
1433 787 1581 824 intimis
1603 790 1754 823 tantum

701 832 822 878 duplo
841 833 904 868 vel
925 833 1046 879 triploss
1059 833 1254 869 breviora.

191 942 224 982 1.
260 939 323 981 H.
350 938 728 989 Heldreichii,
767 951 921 980 canum
956 939 1049 981 basi
1080 939 1410 993 suffrutescens‚
1444 941 1642 985 caulibus
1679 953 1828 984 ascen-

128 998 332 1042 dentibus
362 998 532 1040 inferne
561 998 714 1040 crebre
745 1001 784 1039 ei
814 998 937 1050 longe
962 998 1132 1041 foliatiS.
1161 999 1272 1048 foliis
1306 1000 1608 1042 crassiuscnlis
1635 1001 1827 1054 margine

129 1058 287 1101 subtus
315 1056 524 1099 revolutis
548 1060 590 1098 et
616 1056 668 1099 ad
693 1068 879 1099 nervum
900 1056 1094 1099 medium
1118 1057 1299 1100 elevatis
1322 1059 1492 1101 obtusis
1519 1059 1759 1101 linearibus
1783 1063 1827 1101 et

129 1116 287 1159 infimis
328 1115 862 1168 lineari-subspamulmis,
904 1115 1109 1169 corymbo
1154 1117 1372 1159 terminali
1406 1118 1641 1171 composito
1675 1118 1825 1171 denso,

127 1175 326 1229 capitulis
349 1174 528 1216 minutis
555 1174 882 1227 campauulatss,
906 1175 1122 1218 involucri
1143 1176 1392 1231 oligophylli
1412 1176 1569 1230 phyllis
1594 1176 1686 1220 basi
1712 1177 1827 1218 lana-

127 1235 181 1277 tis
198 1245 389 1287 superne
406 1234 569 1286 glabris
593 1234 842 1275 Stramineis
861 1233 1009 1276 nitidis
1034 1234 1236 1276 omnibus
1255 1235 1391 1278 acutis
1413 1236 1605 1278 externis
1624 1236 1827 1289 oblongo-

130 1293 479 1345 triangularibus‚
508 1292 692 1335 internis
714 1292 845 1345 duplo
872 1293 1138 1345 longioribus
1163 1293 1402 1336 linearibus
1425 1301 1461 1343 5.
1482 1292 1531 1336 H.
1549 1294 1826 1336 Panormita-

127 1362 234 1392 mcm
264 1351 413 1394 Heldr.
437 1351 480 1392 in
508 1351 643 1393 Boiss.
672 1351 822 1404 Diagn.
852 1351 944 1393 Ser.
972 1353 1005 1405 Ι,
1035 1353 1100 1404 ll,
1130 1365 1168 1405 p.
1194 1354 1243 1393 31
1274 1365 1358 1395 non
1386 1353 1534 1395 Tineo.

171 1433 274 1516 ἔῖεὼ.
307 1434 347 1469 in
377 1435 538 1481 rupibus
566 1435 690 1471 faucis
723 1435 851 1481 Hagio
886 1435 1042 1471 Rumeli
1073 1435 1197 1471 Cretae
1242 1436 1421 1482 (Heldrl)
1455 1437 1560 1472 -Julio
1587 1438 1670 1483 jam
1707 1436 1827 1473 desso-

125 1492 168 1516 ra
189 1491 269 1516 um.

171 1544 313 1580 Caules
332 1545 489 1580 floriferi
510 1545 771 1591 'lvi-pedales
787 1545 862 1581 sub
880 1546 1068 1591 corymbo
1083 1545 1212 1581 laxius
1228 1547 1386 1582 brevius
1402 1549 1440 1582 et
1456 1548 1665 1592 angustius
1683 1547 1827 1593 foliosi,

126 1591 217 1627 folia
244 1592 424 1627 inferiora
443 1593 783 1639 2-2'l2-pollicaria
808 1593 1011 1629 1-21ineas
1030 1593 1159 1638 longa⁷
1188 1593 1438 1629 involucrum
1464 1595 1529 1629 vix
1551 1595 1640 1653 plus
1667 1606 1785 1640 quam
1804 1595 1829 1631 2

125 1638 245 1674 lineas
265 1639 438 1683 longum.
470 1640 580 1675 Folia
598 1642 634 1675 et
652 1640 767 1676 facies
786 1639 833 1679 H.
853 1641 1043 1687 rnpcscris
1073 1650 1099 1675 D
1116 1650 1150 1675 C.
1179 1654 1224 1673 z
1255 1640 1540 1677 Panormitam
1561 1642 1689 1683 simeo,
1708 1642 1759 1677 ab
1779 1653 1824 1678 eo

124 1686 306 1732 capitulis
334 1687 456 1733 duplo
487 1687 705 1723 minoribus
736 1687 884 1733 phyllis
916 1699 964 1725 ue
994 1687 1188 1723 involucri
1217 1688 1368 1724 circiter
1396 1689 1443 1724 25
1477 1689 1563 1723 basi
1593 1690 1825 1724 tomentosis

124 1732 244 1779 duplo
263 1734 558 1779 angustioribus
578 1736 615 1770 et
631 1735 871 1770 acutioribus
919 1734 1130 1770 istinctum.
1151 1734 1200 1770 H.
1221 1739 1400 1782 rupestre
1425 1736 1548 1771 Boiss.
1565 1736 1661 1781 Voy.
1685 1737 1778 1783 Esp.
1803 1747 1827 1771 a

125 1781 251 1826 specie
268 1780 399 1817 Sicula.
417 1782 591 1828 ejusdem
611 1782 784 1817 nominis
803 1782 852 1817 ob
871 1781 1008 1828 phylla
1031 1781 1156 1817 multo
1176 1782 1377 1818 obtusiora
1395 1783 1682 1829 sejungendum
1709 1787 1777 1818 est.

186 1906 223 1946 Ξ.
270 1904 335 1947 Η.
369 1903 632 1948 Siculum
680 1903 881 1960 (Sprcng.
930 1904 1044 1958 Syst.
1088 1906 1161 1956 Ill,
1209 1919 1246 1959 p.
1289 1907 1372 1948 476
1421 1907 1503 1949 snb
1555 1906 1826 1962 anaphalz'o)

126 1964 333 2017 adpressc
372 1976 528 2006 canum
566 1964 795 2007 inodorum
831 1965 922 2007 basi
965 1964 1281 2008 suffrutescens
1321 1966 1587 2015 multicaule,
1627 1966 1824 2008 caulibus

126 2022 330 2067 tenuibus
371 2023 528 2065 erectis
569 2024 634 2065 vel
672 2022 1307 2068 ascendenti-decumbentibus
1335 2025 1500 2067 foliosis
1541 2026 1639 2078 plus
1680 2025 1824 2067 minus

126 2081 334 2132 elongatis
359 2081 645 2135 simplicibus,
670 2082 783 2126 foliis
819 2083 1031 2125 revolutis
1068 2082 1521 2126 {biformi-linearibus
1547 2082 1824 2126 obtusiuscu-

127 2140 190 2189 lis,
216 2141 418 2195 corymbo
442 2141 658 2183 terminali
685 2141 975 2195 oligocephalo
1000 2142 1132 2187 dense
1157 2142 1355 2196 capitato,
1375 2142 1575 2196 capitulis
1599 2142 1826 2190 mediocri-

125 2199 206 2242 bus
232 2199 843 2254 campanulato-siibglobosis‚
870 2201 1086 2243 involucri
1112 2201 1362 2253 oligophylli
1393 2202 1549 2255 phyllis
1576 2200 1824 2249 stramineis

126 2258 273 2300 nitidis
305 2258 469 2302 teneris
497 2258 744 2302 subinflatis
770 2258 937 2304 obtusis
972 2259 1132 2301 infimis
1166 2259 1344 2302 dimidio
1376 2260 1652 2303 brevioribus
1687 2260 1825 2302 ovat-is

124 2315 218 2358 basi
254 2317 414 2369 glabris
449 2314 613 2360 intimis
652 2318 856 2360 flosculos
897 2318 1171 2371 aequantibus
1216 2318 1652 2371 lineari-spathulatis
1695 2319 1825 2361 dorso

127 2375 386 2418 tomentellis
413 2382 448 2424 5.
494 2375 542 2421 G.
571 2376 786 2421 scandens
817 2375 930 2418 Sicb.
971 2376 1084 2420 Cret.
1107 2400 1161 2415 ,-
1201 2376 1251 2419 G.
1285 2377 1548 2429 cespitosnm
1581 2377 1703 2419 Presl
1730 2377 1824 2419 Del.

125 2433 249 2487 Prag.
285 2436 339 2477 98
369 2446 454 2477 non
480 2434 594 2476 Lam.
631 2439 675 2478 et
701 2434 752 2478 H.
775 2434 1038 2487 cespitosmn
1060 2449 1140 2479 nc.
1165 2436 1317 2478 Prodr.
1344 2436 1416 2482 VI,
1444 2450 1480 2490 p.
1518 2437 1595 2478 182
1621 2439 1664 2478 et
1687 2434 1819 2477 Guss.

127 2491 228 2546 Syn.
258 2492 310 2543 ΙΙ,
334 2506 374 2547 p.
401 2494 485 2536 467
516 2506 593 2536 nec
614 2507 696 2537 uc.
729 2493 884 2537 Prodr.
911 2494 983 2547 Vl,
1012 2495 1104 2536 173.
1131 2519 1182 2528 —-
1212 2494 1263 2536 H.
1284 2497 1485 2547 rupestre
1512 2506 1601 2536 var.
1630 2494 1826 2537 Cambes-

123 2550 280 2592 sede-3²⁴2?
315 2564 396 2594 nc.
433 2551 588 2594 Prodr.
635 2552 776 2605 quoad
814 2553 1005 2606 plantam
1043 2553 1236 2597 Graecam
1274 2557 1318 2596 ct
1355 2553 1483 2606 Mai-g.
1526 2557 1568 2595 et
1597 2553 1721 2595 Rem,
1761 2552 1820 2594 Fi.

126 2609 325 2663 Zacynth.
356 2635 408 2641 —
446 2610 499 2654 H.
528 2609 835 2665 conylobatum
860 2611 998 2654 Boiss.
1026 2612 1068 2654 in
1097 2614 1154 2666 pl.
1182 2612 1345 2655 Orient.
1381 2624 1471 2655 exs.
1500 2625 1585 2654 non
1610 2611 1704 2653 Viv.
1733 2611 1826 2654 Lib.

170 2749 268 2792 Hah,
301 2752 341 2787 in
372 2753 525 2789 saxosis
555 2753 727 2799 regionis
757 2753 952 2790 inferioris
981 2753 1170 2799 Zacynthi
1201 2754 1305 2799 (Mar
1341 2756 1379 2799 !)‚
1399 2754 1535 2789 Atticae
1556 2754 1594 2788 in
1616 2753 1827 2789 maritimis

122 2794 288 2833 [aurion
305 2798 492 2845 (Helm-i),
507 2799 704 2836 Pentelico
722 2803 760 2836 et
777 2801 924 2837 Parnes
939 2800 1103 2847 (Sprunl
1121 2801 1251 2837 Boiss!
1314 2801 1444 2846 eldri)‚
1460 2800 1679 2836 insularum
1694 2801 1824 2836 Tenos

139 2841 272 2889 Sal-tn,
290 2845 477 2882 Thermia
504 2849 541 2882 et
566 2847 699 2883 Naxos
719 2847 854 2894 (Orph.
875 2848 932 2883 Fl.
953 2847 1019 2883 Gr.
1043 2859 1122 2884 exs.
1141 2848 1259 2893 4701),
1285 2848 1409 2884 Cretae
1427 2849 1468 2883 in
1490 2848 1677 2883 fruticetis
1697 2847 1828 2892 (Siebl

163 2890 296 2936 eldrl)‚
325 2893 454 2928 Rhodi
472 2893 671 2940 (Bourg1)‚
691 2895 809 2940 Cypri
839 2894 930 2940 (Ky.
957 2895 1071 2940 3401),
1091 2895 1226 2938 Lydiae
1248 2896 1296 2931 ad
1314 2895 1525 2940 Smyrnam
1545 2895 1728 2937 (Fleisch.
1749 2895 1825 2930 sub

125 2934 172 2972 H.
199 2938 390 2976 sccechas!
413 2939 545 2976 Boiss!
574 2941 656 2976 Bal.
677 2941 795 2986 2722),
826 2941 1075 2988 Pamphylia:
1094 2942 1263 2988 (Bourgl
1283 2942 1454 2987 Heium),
1474 2942 1621 2977 Ciliciae
1641 2942 1826 2977 littoralis

123 2982 255 3031 (Ball),
274 2986 396 3032 Syriae
414 2987 599 3024 littoralis
616 2988 768 3033 (Posti).
792 2987 847 3024 Fl.
868 2989 959 3035 Apr.
979 2989 1069 3024 Mai.
