2090 3291
237 190 306 226 494
972 194 1218 220 COMPOSITAE.
1742 183 1943 223 Cousimu,

238 269 409 324 pressis
445 268 621 311 costatis
653 267 868 310 truncatis
895 266 1050 309 obtuse
1078 264 1397 320 paucidentatis
1428 264 1498 320 (ξε).
1525 265 1615 318 Bge
1646 262 1774 307 Cous.
1804 278 1847 320 p.
1875 266 1947 308 54.

237 352 294 359 —-
321 327 361 370 C.
385 325 701 380 platyacantlza
729 325 817 379 Bge
845 324 972 368 Cous.
1001 339 1043 380 p.
1069 326 1136 367 37.

285 401 385 437 Hab.
421 401 459 436 in
493 399 694 435 montanis
725 400 763 434 et
795 398 938 445 alpinis
972 409 1082 445 prov.
1114 398 1344 434 Kborassan
1372 397 1515 433 Persiae
1539 398 1639 433 inter
1657 397 1883 445 Nischapur
1910 401 1949 434 et

234 447 420 484 Mesched
437 447 586 493 (Bgel),
606 447 644 482 in
666 446 870 482 montibus
891 446 1050 482 Balkan
1071 446 1347 482 Turcomaniae
1368 444 1509 481 mediae
1528 444 1711 489 (Karell).

285 511 429 546 Caules
457 509 670 556 tripedales
698 512 737 544 et
762 511 1011 556 proceriores,
1029 509 1125 544 folia
1146 508 1336 544 radicalia
1359 517 1464 554 saepe
1489 507 1777 554 6-7—pollicaria
1796 507 1948 561 sesqui-

235 558 419 606 pollicem
445 557 538 601 lata,
561 555 736 603 'capitula
761 557 913 602 absque
937 557 1062 603 spinis
1086 556 1358 602 magnitudine
1376 554 1583 598 avellanae,
1605 554 1802 590 involucri
1820 564 1947 601 spinae

235 605 478 641 intermediae
496 604 583 639 8-12
600 604 818 649 lin.longae.
836 604 971 640 Facies
986 608 1023 639 et
1038 603 1212 650 capitula
1226 601 1490 650 pedunculata
1511 601 1542 638 C
1561 601 1676 638 elatoe
1693 601 1761 638 sed
1780 602 1949 645 minora,

235 652 374 700 phylla
403 652 602 698 pauciora,
627 652 752 698 spinae
780 651 992 697 longiores,
1018 650 1115 686 folia
1136 650 1296 686 caulina
1320 659 1400 685 non
1425 649 1683 694 decurrentia,
1709 647 1946 695 receptaculi

238 703 331 736 setae
358 701 531 744 integrae.
558 698 731 735 Flosculi
762 709 785 734 a
820 698 867 734 cl.
897 701 1057 735 auctore
1083 697 1307 734 ochroleuci
1332 696 1424 732 dicti
1451 696 1549 732 mihi
1573 696 1705 743 potius
1730 695 1857 732 albidi
1883 695 1947 731 vel

234 748 367 783 carnei
386 746 582 782 videntur.

295 894 489 939 SERIES
518 894 563 936 B.
588 919 637 925 -—
662 894 939 949 Receptaculi
963 896 1067 936 setae
1090 894 1187 948 plus
1217 893 1362 935 minus
1389 891 1887 936 denticulato—scabridae

814 953 1009 1009 (Except.
1036 953 1077 996 C.
1102 951 1368 1007 Habcitzcii).

815 1119 836 1176 ᾗ
869 1122 909 1163 8.
942 1118 1362 1163 Psilacanthae.

294 1246 364 1287 88.
391 1245 445 1288 G.
475 1244 696 1287 tenella
709 1243 774 1298 (F.
794 1247 837 1287 et
859 1244 911 1286 M.
932 1244 1025 1286 Ind.
1046 1242 1159 1286 Sem.
1186 1243 1359 1296 Petrop.
1390 1243 1418 1296 l,
1443 1257 1484 1298 p.
1509 1242 1584 1298 25)
1599 1255 1745 1285 annua
1764 1243 1945 1296 pumila,

237 1305 359 1346 caule
396 1304 517 1347 tenui
553 1307 696 1346 erecto
733 1315 858 1356 parce
900 1306 943 1346 et
975 1303 1217 1345 dichotome
1257 1314 1448 1353 ramoso,
1493 1302 1607 1344 foliis
1642 1301 1945 1345 arachnoideis

235 1365 408 1404 tandem
436 1361 811 1415 glabrescentibus
843 1362 1008 1405 teneris
1035 1361 1233 1415 oblongis
1264 1361 1548 1404 acutiusculis
1577 1361 1668 1403 basi
1702 1360 1846 1403 sessili
1875 1361 1944 1403 vel

237 1421 530 1475 subpetiolata
559 1422 793 1463 attenuatis
828 1421 1023 1474 integris,
1051 1421 1252 1474 capitulis
1284 1420 1492 1463 solitariis
1518 1422 1587 1464 vel
1614 1419 1944 1473 subaggregatis

238 1480 388 1533 parvis
417 1480 692 1532 subglobosis
725 1480 1026 1531 20·30·ssoris,
1058 1480 1322 1534 receptaculi
1353 1481 1459 1523 setis
1493 1479 1944 1530 barbellato-scabris,

236 1539 451 1581 involucri
484 1539 641 1592 phyllis
670 1540 918 1582 numerosis
949 1539 1127 1594 (70-80)
1154 1539 1531 1592 glabrescentibus
1560 1542 1743 1592 anguste
1775 1538 1945 1581 lanceo-

235 1598 563 1640 lato-subulatis
598 1609 749 1650 grosse
782 1597 986 1640 carinatis
1014 1599 1134 1652 apice
1169 1598 1572 1653 patenti-recurvis,
1600 1597 1761 1641 corolla
1794 1598 1945 1639 anthe—

232 1656 385 1710 risque
418 1656 576 1710 pallide
611 1657 863 1711 purpureis,
892 1658 1069 1700 achenio
1098 1669 1350 1711 compresso
1377 1657 1617 1700 substriato
1649 1657 1767 1711 apice
1792 1659 1944 1699 rotun·

234 1717 332 1758 dato
365 1717 453 1757 sere
481 1715 783 1769 iinmarginato
813 1719 880 1765 O.
916 1716 1072 1769 Lappa
1099 1716 1255 1758 tenella
1280 1716 1326 1759 F.
1353 1720 1396 1759 et
1424 1716 1476 1757 M.
1506 1716 1550 1759 in
1577 1728 1659 1759 uc.
1691 1715 1846 1759 Prodr.
1870 1714 1944 1768 VI,

278 1849 379 1884 Hab.
406 1848 447 1883 in
472 1849 657 1883 Armenia
682 1848 986 1901 Rossicahprope
1015 1848 1346 1885 Nackitschewan
1371 1850 1539 1895 (Szovl),
1561 1860 1670 1896 prov.
1700 1849 1943 1892 Aderhidjan

230 1897 371 1939 (Auch.
396 1895 539 1939 480-Jlj,
561 1895 827 1931 Turcomania
851 1906 891 1931 in
917 1896 1089 1942 sylvulis
1116 1896 1307 1942 Haloxyli
1331 1896 1521 1943 (Lehml),
1540 1897 1754 1943 Affghania
1775 1896 1943 1942 (Griffl),

231 1943 458 1979 Belutschia
477 1943 682 1986 (stocksl).

277 2007 420 2043 Planta
453 2006 782 2053 3-10-pollicaris‚
816 2007 908 2043 folia
946 2007 1234 2054 1-2-pollicaria
1248 2035 1257 2050 ,
1292 2007 1467 2054 capitula
1503 2007 1590 2054 piso
1618 2006 1917 2054 sesquimaj0ra
1935 2034 1943 2051 ,

237 2054 387 2091 corolla
404 2055 427 2090 2
445 2054 569 2089 lineas
588 2054 720 2100 longa,
731 2055 942 2091 achenium
961 2054 1077 2090 lineae
1095 2056 1164 2090 vix
1184 2055 1226 2099 ³l.
1245 2054 1421 2100 longum.

292 2188 362 2230 89.
398 2187 451 2231 C.
485 2184 786 2242 pulchella
807 2188 917 2242 (Bge
940 2189 1003 2231 Pl.
1028 2188 1175 2231 Lehm.
1193 2188 1251 2232 N0
1280 2188 1384 2244 728)
1409 2189 1617 2244 perennis
1640 2200 1771 2244 parce
1794 2189 1945 2231 arach-

234 2246 674 2299 noideo-canescens‚
713 2248 912 2291 caulibus
955 2249 1193 2302 gracilibus
1235 2248 1394 2292 erectis
1436 2260 1564 2302 parce
1604 2252 1647 2290 et
1687 2247 1945 2302 corymbose

233 2305 503 2358 corymbosis
529 2307 837 2359 angustissime
861 2308 1002 2359 alatis,
1024 2308 1138 2350 foliis
1164 2308 1329 2351 teneris
1354 2307 1516 2350 infimis
1537 2308 1583 2350 in
1607 2307 1814 2361 petiolum
1836 2310 1945 2349 atte-

232 2364 376 2406 nuatis
404 2364 559 2417 lyratis
586 2367 753 2408 caeteris
780 2366 979 2420 oblongis
1015 2367 1153 2410 acutis
1189 2367 1457 2410 mucronatis
1484 2367 1668 2420 integris
1701 2366 1771 2409 vel
1798 2365 1944 2409 subsi-

233 2423 379 2465 nuatis
402 2423 816 2478 spinelloso·ciliatis
839 2425 883 2467 in
907 2426 1016 2469 alam
1038 2430 1265 2480 angustam
1281 2426 1494 2480 integram
1512 2426 1585 2470 vix
1600 2429 1643 2469 et
1656 2427 1825 2468 remote
1840 2423 1945 2467 den·

232 2482 452 2524 ticulatam
501 2483 854 2532 decurrentibus,
897 2486 1098 2539 capitulis
1146 2485 1353 2528 solitariis
1398 2484 1594 2528 breviter
1638 2482 1943 2539 pedunculatis

231 2540 423 2593 globosis
452 2541 585 2584 dense
613 2543 914 2586 arachnoideis
943 2544 1269 2593 80-115-floris,
1301 2544 1516 2588 involucri
1546 2543 1707 2598 phyllis
1738 2554 1944 2585 numero-

232 2600 419 2642 sissimis
454 2601 739 2645 inferioribus
768 2606 810 2646 et
843 2603 1001 2646 mediis
1031 2603 1104 2646 vix
1132 2604 1326 2659 spinosis
1354 2603 1612 2647 tenuissime
1639 2601 1945 2645 subulam-tri-

232 2659 401 2713 quetris
425 2661 861 2714 erecto-patentibus,
880 2662 1044 2705 intimis
1063 2663 1276 2717 elongatis
1301 2663 1421 2717 apice
1441 2663 1484 2705 in
1506 2661 1789 2716 appendicem
1808 2671 1944 2704 mem-

231 2717 491 2760 branaceam
517 2722 688 2762 ovatam
711 2720 1022 2763 denticulatam
1050 2722 1308 2777 apiculatam
1339 2722 1543 2774 dilatatis,
1570 2720 1745 2764 corollis
1772 2718 1942 2772 albidis,

231 2777 495 2829 receptaculi
518 2779 626 2820 setis
648 2779 830 2826 scabris,
855 2781 1049 2823 acheniis
1072 2779 1477 2834 obovato-oblongis
1500 2778 1776 2822 brevissimis
1799 2777 1943 2820 minu-

233 2834 289 2877 tis
315 2835 435 2888 apice
463 2837 712 2881 rotundatis
738 2839 906 2881 minute
933 2840 1138 2883 areolatis
1177 2847 1238 2887 26.

279 2906 379 2943 Hab.
396 2908 438 2944 in
458 2909 615 2951 regione
633 2911 768 2958 alpina
786 2915 824 2947 et
842 2912 1056 2960 subalpina
1074 2913 1220 2949 montis
1238 2913 1412 2949 Karatau
1433 2923 1554 2959 prope
1574 2910 1820 2947 Samarkand
1839 2910 1937 2945 Tur-

233 2953 423 2991 kestaniae
440 2956 581 3001 (Lehm
591 2959 629 3002 1).

2088 279 2090 296 l
