2090 3291
227 204 300 240 534
958 213 1206 240 composrrae.
1751 206 1938 244 Cir-sium.

230 283 379 320 accedit
405 283 455 319 ad
475 282 513 319 C.
537 283 732 319 mimicum
753 294 775 318 a
803 293 881 330 quo
907 287 1039 319 tamen
1066 285 1221 330 egregie
1248 286 1380 322 differt
1400 286 1631 323 indumento
1649 297 1759 332 cano,
1777 288 1944 324 bracteis

228 331 330 376 latis,
348 330 542 367 involucri
560 331 685 376 spinis
705 331 953 366 tenuioribus
973 331 1202 378 phyllisque
1214 332 1307 368 lana
1323 332 1415 368 alba
1432 333 1555 369 densa
1571 333 1790 371 occultatis.

290 447 358 489 24.
392 447 445 490 C.
477 445 1008 502 phyllocephalum
1033 446 1194 502 [Boiss.
1219 450 1262 490 et
1285 446 1348 490 Bl.
1371 448 1527 502 Diagn.
1550 448 1644 491 Ser.
1670 448 1724 502 ΙΙ,
1744 451 1784 502 3,
1806 462 1846 504 p.
1867 450 1943 506 39)

230 505 488 561 parcissime
513 506 942 559 araneoso-griseum
964 506 1032 549 vel
1056 505 1318 559 glabratum‚
1335 507 1458 550 caule
1478 519 1626 550 crasso
1645 507 1756 551 elato
1773 521 1944 563 corym-

229 565 350 618 boso,
376 564 492 608 foliis
518 576 653 618 supra
681 564 883 618 strigosis
907 565 1065 608 subtus
1094 577 1223 618 parce
1250 566 1474 608 araneosis
1501 566 1544 609 in
1572 567 1751 609 lacinias
1779 567 1944 611 radica-

231 623 336 666 lium
353 624 659 666 subretrorsas
674 623 936 667 lanceolalas
954 624 1224 667 divaricatim
1240 624 1470 678 bipartitas
1483 625 1527 668 in
1543 627 1713 680 spinam
1730 626 1944 670 abeuntes

230 683 549 737 pinnatisectis,
572 682 757 725 caulinis
783 683 1441 737 auriculato-amplexicaulibus
1466 684 1619 738 rigidis
1646 684 1833 728 validius
1855 686 1944 740 spi-

230 740 368 795 nosis,
394 741 594 796 capitulis
628 742 880 795 maiusculis
908 742 1048 784 ovatis
1080 742 1196 784 foliis
1229 742 1455 786 floralibus
1482 743 1533 785 ad
1569 744 1718 798 spinas
1747 756 1947 788 ramosas

230 800 322 843 sere
351 801 547 844 reductis
571 812 622 844 ea
649 801 811 855 saepius
842 802 969 854 longe
998 800 1312 856 superantibus
1337 801 1582 853 bracteatis‚
1606 802 1821 846 involucri
1855 803 1944 858 gla-

229 859 472 903 brescentis
510 860 633 902 nitidi
673 860 833 914 phyllis
861 860 1214 915 adpressissimis
1239 864 1358 903 arcte
1384 860 1624 904 imbricatis
1648 862 1807 906 obtuse
1833 863 1943 906 cari-

230 920 344 961 natis
363 918 415 961 ab
438 920 636 962 externis
654 919 850 961 breviter
867 920 1213 973 triangularibus
1230 920 1491 963 brevissime
1509 921 1700 975 spinosis
1720 922 1773 964 ad
1790 922 1943 965 intima

230 978 466 1021 lanceolata
493 979 534 1019 in
565 980 736 1032 spinam
766 979 1006 1032 longiorem
1034 979 1238 1021 abeuntia
1266 978 1477 1033 elongatis
1516 986 1577 1028 36.

280 1051 383 1086 Hah.
416 1051 456 1087 in
489 1051 715 1099 subalpinis
745 1051 886 1087 Libani
917 1052 1017 1088 circa
1039 1052 1316 1098 Broummana,
1346 1052 1467 1097 Eden,
1497 1053 1658 1089 Dimam
1692 1053 1805 1099 (ΒΗ),
1823 1063 1944 1101 prope

231 1097 516 1135 Machmouche
535 1102 573 1135 et
591 1099 717 1146 Djeba
732 1100 855 1145 (Gaill
867 1102 903 1144 l).

278 1163 434 1210 Species
468 1164 652 1199 foliorum
688 1164 923 1200 radicalium
956 1164 1147 1211 profundo
1178 1163 1399 1200 divisorum
1433 1163 1589 1201 laciniis
1618 1164 1877 1200 subretrorsis
1907 1167 1945 1200 et

230 1210 428 1247 involucri
451 1211 600 1258 phyllis
619 1222 707 1247 cum
727 1222 913 1248 mucrone
933 1212 1043 1248 brevi
1068 1212 1380 1259 adpressissimis
1398 1211 1578 1258 insignis.
1597 1211 1781 1259 Capitula
1804 1221 1943 1248 nucem

232 1259 431 1305 aequantia
452 1258 516 1294 vel
536 1259 655 1306 paulo
678 1259 846 1295 minora.

293 1385 362 1426 25.
398 1383 450 1427 C.
486 1383 915 1427 leuconeurum
949 1383 1111 1438 (Boiss.
1145 1387 1189 1426 et
1223 1383 1434 1440 Haussk.)
1466 1384 1746 1438 glabrescens
1783 1383 1942 1438 pallide

231 1444 395 1496 virens,
440 1444 562 1487 caule
607 1444 721 1487 elato
766 1455 915 1486 crasso
958 1444 1231 1498 corymboso,
1274 1444 1388 1487 foliis
1434 1456 1569 1499 supra
1613 1443 1943 1497 strigosissimis

225 1503 687 1556 oblongo-lanceolatis
714 1502 1371 1557 auriculato-amplexicaulibus
1405 1504 1563 1546 subtus
1591 1503 1794 1546 elevatim
1823 1502 1942 1545 albo-

228 1562 433 1605 nervosis
458 1563 502 1604 in
530 1563 651 1605 lobos
673 1562 964 1615 triangulares
983 1562 1103 1616 apice
1120 1566 1163 1605 et
1181 1562 1375 1616 margine
1400 1574 1548 1605 crasse
1566 1562 1768 1616 spinosos
1792 1561 1944 1616 pinna-

227 1621 377 1669 tifidis,
405 1621 607 1676 capitulis
635 1621 890 1675 majusculis
923 1622 1063 1665 ovatis
1090 1622 1204 1665 foliis
1239 1621 1467 1665 floralibus
1499 1633 1646 1664 crasse
1674 1621 1865 1675 spinosis
1894 1632 1942 1662 ea

228 1681 546 1735 superantibus
568 1680 779 1733 suffultis,
802 1681 1019 1724 involucri
1044 1682 1183 1734 glabri
1209 1681 1335 1724 nitidi
1362 1680 1511 1724 flavidi
1544 1680 1706 1736 phyllis
1733 1680 1943 1734 adpresse

226 1738 470 1783 imbricatis
494 1740 787 1783 subcarinatis
812 1741 865 1782 ab
891 1741 1086 1784 externis
1113 1741 1311 1794 oblongis
1337 1739 1548 1783 brevibus
1573 1739 1627 1782 ad
1651 1739 1823 1781 interna
1852 1739 1944 1781 lan-

227 1799 390 1841 ceolata
408 1800 547 1842 auctis
567 1800 610 1842 in
629 1800 800 1855 spinam
818 1800 996 1843 brevem
1011 1803 1199 1843 erectam
1218 1813 1306 1844 non
1323 1800 1578 1855 adpressam
1594 1798 1860 1841 abeuntibus
1882 1803 1940 1845 26.

276 1872 378 1908 Hah.
397 1873 447 1909 ad
465 1873 617 1909 rivulos
637 1874 677 1909 in
696 1876 829 1910 monte
850 1873 1078 1920 Berytdagh
1098 1874 1303 1910 Cataoniae
1321 1873 1428 1910 6000’
1448 1871 1678 1918 (Hausskl).

276 1938 400 1974 Valde
423 1939 538 1975 affine
559 1938 597 1975 C.
615 1938 912 1987 phyllocephalo
932 1939 1196 1986 capitulorum
1214 1940 1340 1976 forma
1360 1941 1397 1975 et
1419 1938 1627 1974 involucro
1645 1937 1845 1984 adpresso,
1864 1936 1941 1972 dif-

227 1985 743 2081 {ezztffllgihsterpgg'psmiiius
763 1987 956 2033 profunde
977 1987 1131 2033 divisis,
1149 1986 1380 2034 phyllorum
1399 1986 1526 2033 spinis
1553 1996 1632 2021 non
1653 1985 1854 2032 adpressis
1873 1984 1942 2020 sed

290 2155 359 2197 26.
394 2155 449 2199 C.
483 2155 859 2199 tenuilobum
894 2155 945 2211 (C
991 2155 1108 2199 Koch
1137 2155 1262 2199 Linn.
1294 2154 1453 2209 XXIV,
1478 2168 1518 2210 p.
1543 2155 1630 2197 400
1663 2153 1746 2197 sub
1770 2152 1940 2196 Eriole-

223 2214 350 2269 pide)
378 2216 501 2258 caule
526 2215 643 2257 tenui
668 2220 814 2258 erecto
840 2215 1027 2271 simplici
1061 2227 1402 2259 araneoso-cano
1433 2215 1478 2258 in
1510 2225 1732 2257 racemum
1760 2214 1939 2256 brevem

228 2274 470 2328 simplicem
495 2273 838 2328 oligocephalum
873 2276 1074 2328 abeunte,
1101 2274 1215 2317 foliis
1244 2287 1379 2330 supra
1411 2274 1612 2328 strigosis
1639 2272 1798 2315 subtus
1822 2272 1941 2314 canis

227 2333 270 2375 in
300 2333 478 2376 lacinias
500 2338 685 2387 auguste
711 2334 971 2378 lanceolatas
996 2335 1065 2377 vel
1091 2334 1489 2388 lineari-elongatas
1511 2332 1769 2375 inferiorum
1796 2330 1942 2384 bipar-

229 2392 332 2434 titas
361 2393 405 2434 in
434 2392 584 2446 spinas
613 2398 769 2436 tenues
808 2394 1021 2437 abeuntes
1056 2393 1373 2448 pinnatisectis,
1400 2392 1585 2435 caulinis
1618 2391 1782 2433 sensim
1819 2390 1945 2432 dimi-

227 2451 348 2493 nutis
372 2452 886 2507 semiamplexicaulibus,
911 2453 1112 2507 capitulis
1134 2452 1331 2495 breviter
1352 2450 1659 2506 pedunculatis
1682 2450 1751 2492 vel
1775 2449 1942 2493 sessili-

228 2509 311 2552 bus
335 2511 592 2554 axillaribus
620 2516 663 2553 et
685 2512 989 2556 terminalibus
1014 2515 1176 2567 praeter
1195 2510 1345 2554 folium
1380 2511 1561 2554 axillare
1595 2508 1942 2553 subebracteatis

228 2571 368 2613 ovatis
395 2571 557 2625 parvis,
581 2571 797 2613 involucri
836 2584 965 2626 parce
998 2571 1200 2615 araneosi
1220 2570 1409 2613 >virentis
1437 2569 1598 2625 phyllis
1627 2568 1822 2612 breviter
1849 2569 1941 2610 lan-

228 2629 406 2672 ceolatis
431 2630 477 2672 in
499 2630 670 2685 spinam
694 2631 997 2674 tenuissimam
1027 2631 1125 2686 plus
1151 2630 1296 2672 minus
1323 2632 1544 2683 patentem
1571 2627 1835 2671 abeuntibus
1873 2632 1911 2674 26
1927 2658 1936 2668 .

229 2687 269 2730 C.
297 2701 571 2731 racemosum
600 2689 738 2732 Boiss.
764 2690 807 2732 in
837 2691 986 2733 Tchih.
1018 2691 1068 2741 ll,
1092 2704 1134 2745 p.
1164 2690 1264 2732 338.

278 2762 378 2798 Hab.
410 2764 449 2798 in
469 2763 657 2799 Armenia
677 2763 841 2799 australi
870 2764 972 2800 inter
997 2763 1151 2799 radices
1167 2762 1314 2798 montis
1333 2760 1584 2807 Bingo'ldagh
1602 2762 1640 2796 et
1656 2759 1785 2795 fontes
1799 2758 1941 2794 Araxis

224 2809 332 2845 6000’
351 2810 543 2855 (Tchih!l‚
564 2811 603 2846 in
632 2810 740 2846 distr.
761 2812 938 2849 Artaban
957 2813 996 2847 et
1013 2811 1225 2847 Nar-riman
1255 2809 1454 2845 Armeniae
1475 2808 1534 2853 (C.
1554 2806 1709 2852 Kochl),
1728 2806 1779 2842 ad
1799 2806 1940 2842 Darat-

226 2857 437 2904 chitchagh
455 2859 652 2893 Armeniae
672 2858 843 2894 Rossicae
859 2859 1024 2904 (Szovl).

288 2922 333 2975 β.
364 2922 649 2976 bremen-spis.
676 2946 726 2954 -—
753 2924 1010 2977 Phyllorum
1038 2923 1213 2976 spinula
1238 2920 1491 2964 abbreviata
1519 2918 1783 2973 adpressior.
1809 2943 1865 2948 —
1893 2916 1937 2960 C.

228 2981 555 3035 stenophyllum
579 2982 719 3026 Boiss.
744 2984 789 3026 in
814 2984 894 3037 Ky.
919 2994 1009 3026 exs.
1038 2983 1163 3025 1859.
