<?xml version="1.0" encoding="UTF-8"?>
<!DOCTYPE html PUBLIC "-//W3C//DTD XHTML 1.0 Transitional//EN"
    "http://www.w3.org/TR/xhtml1/DTD/xhtml1-transitional.dtd">
<html xmlns="http://www.w3.org/1999/xhtml" xml:lang="en" lang="en">
 <head>
  <title>
</title>
<meta http-equiv="Content-Type" content="text/html;charset=utf-8" />
  <meta name='ocr-system' content='tesseract 3.04.00' />
  <meta name='ocr-capabilities' content='ocr_page ocr_carea ocr_par ocr_line ocrx_word'/>
</head>
<body>
  <div class='ocr_page' id='page_1' title='image "./floraorientaliss03bois_0463.png"; bbox 0 0 2071 3241; ppageno 0'>
   <div class='ocr_carea' id='block_1_1' title="bbox 92 226 1794 265">
    <p class='ocr_par' dir='ltr' id='par_1_1' title="bbox 92 226 1794 265">
     <span class='ocr_line' id='line_1_1' title="bbox 92 226 1794 265; baseline -0.001 0"><span class='ocrx_word' id='word_1_1' title='bbox 92 228 289 265; x_wconf 72' lang='lat' dir='ltr'>Petasites.</span> <span class='ocrx_word' id='word_1_2' title='bbox 811 236 1059 263; x_wconf 76' lang='lat' dir='ltr'>COMPOSITAE.</span> <span class='ocrx_word' id='word_1_3' title='bbox 1722 226 1794 263; x_wconf 87' lang='lat'>377</span> 
     </span>
    </p>
   </div>
   <div class='ocr_carea' id='block_1_2' title="bbox 89 309 1793 599">
    <p class='ocr_par' dir='ltr' id='par_1_2' title="bbox 89 309 1793 599">
     <span class='ocr_line' id='line_1_2' title="bbox 89 309 1793 364; baseline -0.002 -11"><span class='ocrx_word' id='word_1_4' title='bbox 89 311 155 353; x_wconf 82' lang='lat' dir='ltr'>vel</span> <span class='ocrx_word' id='word_1_5' title='bbox 180 309 360 352; x_wconf 87' lang='lat' dir='ltr'>masculi</span> <span class='ocrx_word' id='word_1_6' title='bbox 384 310 608 353; x_wconf 79' lang='lat' dir='ltr'>numerosi</span> <span class='ocrx_word' id='word_1_7' title='bbox 632 311 754 352; x_wconf 76' lang='lat' dir='ltr'>fauce</span> <span class='ocrx_word' id='word_1_8' title='bbox 780 309 943 352; x_wconf 86' lang='lat' dir='ltr'>dilatati</span> <span class='ocrx_word' id='word_1_9' title='bbox 969 309 1356 363; x_wconf 81' lang='lat' dir='ltr'>quinquedentati;</span> <span class='ocrx_word' id='word_1_10' title='bbox 1390 310 1550 364; x_wconf 81' lang='lat' dir='ltr'>plantae</span> <span class='ocrx_word' id='word_1_11' title='bbox 1587 309 1793 351; x_wconf 84' lang='lat' dir='ltr'>subsemi-</span> 
     </span>
     <span class='ocr_line' id='line_1_3' title="bbox 90 368 1792 421; baseline -0.003 -9"><span class='ocrx_word' id='word_1_12' title='bbox 90 380 179 412; x_wconf 86' lang='lat' dir='ltr'>neae</span> <span class='ocrx_word' id='word_1_13' title='bbox 215 368 388 410; x_wconf 89' lang='lat' dir='ltr'>flosculi</span> <span class='ocrx_word' id='word_1_14' title='bbox 422 369 681 421; x_wconf 80' lang='lat' dir='ltr'>marginales</span> <span class='ocrx_word' id='word_1_15' title='bbox 718 369 943 411; x_wconf 78' lang='lat' dir='ltr'>numerosi</span> <span class='ocrx_word' id='word_1_16' title='bbox 986 368 1295 410; x_wconf 82' lang='lat' dir='ltr'>multiseriales</span> <span class='ocrx_word' id='word_1_17' title='bbox 1332 369 1505 411; x_wconf 89' lang='lat' dir='ltr'>feminei</span> <span class='ocrx_word' id='word_1_18' title='bbox 1543 369 1588 410; x_wconf 89' lang='lat' dir='ltr'>in</span> <span class='ocrx_word' id='word_1_19' title='bbox 1631 369 1792 411; x_wconf 86' lang='lat' dir='ltr'>nostris</span> 
     </span>
     <span class='ocr_line' id='line_1_4' title="bbox 91 427 1793 480; baseline -0.001 -10"><span class='ocrx_word' id='word_1_20' title='bbox 91 428 316 470; x_wconf 85' lang='lat' dir='ltr'>filiformes</span> <span class='ocrx_word' id='word_1_21' title='bbox 339 428 540 477; x_wconf 82' lang='lat' dir='ltr'>truncati,</span> <span class='ocrx_word' id='word_1_22' title='bbox 565 428 783 469; x_wconf 85' lang='lat' dir='ltr'>centrales</span> <span class='ocrx_word' id='word_1_23' title='bbox 805 428 984 470; x_wconf 89' lang='lat' dir='ltr'>masculi</span> <span class='ocrx_word' id='word_1_24' title='bbox 1013 427 1274 480; x_wconf 82' lang='lat' dir='ltr'>paucissimi.</span> <span class='ocrx_word' id='word_1_25' title='bbox 1299 427 1581 470; x_wconf 79' lang='lat' dir='ltr'>lnvolucrum</span> <span class='ocrx_word' id='word_1_26' title='bbox 1607 427 1793 480; x_wconf 78' lang='lat' dir='ltr'>simplex</span> 
     </span>
     <span class='ocr_line' id='line_1_5' title="bbox 91 485 1792 540; baseline -0.002 -11"><span class='ocrx_word' id='word_1_27' title='bbox 91 485 473 538; x_wconf 76' lang='lat' dir='ltr'>subcalyculatum.</span> <span class='ocrx_word' id='word_1_28' title='bbox 504 486 843 540; x_wconf 84' lang='lat' dir='ltr'>Receptaculum</span> <span class='ocrx_word' id='word_1_29' title='bbox 870 486 1050 527; x_wconf 90' lang='lat' dir='ltr'>nudum.</span> <span class='ocrx_word' id='word_1_30' title='bbox 1085 486 1261 539; x_wconf 86' lang='lat' dir='ltr'>Pappus</span> <span class='ocrx_word' id='word_1_31' title='bbox 1288 486 1582 540; x_wconf 82' lang='lat' dir='ltr'>pluriserialis</span> <span class='ocrx_word' id='word_1_32' title='bbox 1611 485 1792 540; x_wconf 86' lang='lat' dir='ltr'>pilosus.</span> 
     </span>
     <span class='ocr_line' id='line_1_6' title="bbox 94 544 1351 599; baseline 0 -13"><span class='ocrx_word' id='word_1_33' title='bbox 94 570 145 575; x_wconf 92' lang='lat'>—</span> <span class='ocrx_word' id='word_1_34' title='bbox 172 544 329 586; x_wconf 86' lang='lat' dir='ltr'>Herbae</span> <span class='ocrx_word' id='word_1_35' title='bbox 355 556 572 597; x_wconf 78' lang='lat' dir='ltr'>perennes</span> <span class='ocrx_word' id='word_1_36' title='bbox 600 545 801 598; x_wconf 87' lang='lat' dir='ltr'>capitulis</span> <span class='ocrx_word' id='word_1_37' title='bbox 824 545 866 586; x_wconf 90' lang='lat' dir='ltr'>in</span> <span class='ocrx_word' id='word_1_38' title='bbox 894 545 1091 599; x_wconf 78' lang='lat' dir='ltr'>thyrsum</span> <span class='ocrx_word' id='word_1_39' title='bbox 1119 545 1351 598; x_wconf 72' lang='lat' dir='ltr'><strong>dispositis.</strong></span> 
     </span>
    </p>
   </div>
   <div class='ocr_carea' id='block_1_3' title="bbox 87 666 1795 1132">
    <p class='ocr_par' dir='ltr' id='par_1_3' title="bbox 87 666 1795 1132">
     <span class='ocr_line' id='line_1_7' title="bbox 152 666 1793 721; baseline 0.002 -13"><span class='ocrx_word' id='word_1_40' title='bbox 152 668 185 709; x_wconf 90' lang='lat'>1.</span> <span class='ocrx_word' id='word_1_41' title='bbox 219 666 277 708; x_wconf 93' lang='lat' dir='ltr'>P.</span> <span class='ocrx_word' id='word_1_42' title='bbox 305 666 626 710; x_wconf 84' lang='lat' dir='ltr'>officinalis</span> <span class='ocrx_word' id='word_1_43' title='bbox 655 668 848 721; x_wconf 80' lang='lat' dir='ltr'>(Maench.</span> <span class='ocrx_word' id='word_1_44' title='bbox 875 668 1001 711; x_wconf 77' lang='lat' dir='ltr'>Metu.</span> <span class='ocrx_word' id='word_1_45' title='bbox 1032 669 1151 721; x_wconf 79' lang='lat'>568).</span> <span class='ocrx_word' id='word_1_46' title='bbox 1180 667 1292 710; x_wconf 90' lang='lat' dir='ltr'>soliis</span> <span class='ocrx_word' id='word_1_47' title='bbox 1316 668 1578 711; x_wconf 82' lang='lat' dir='ltr'>radicalibus</span> <span class='ocrx_word' id='word_1_48' title='bbox 1604 669 1793 712; x_wconf 76' lang='lat' dir='ltr'><strong>cordatis</strong></span> 
     </span>
     <span class='ocr_line' id='line_1_8' title="bbox 90 725 1792 780; baseline 0.001 -13"><span class='ocrx_word' id='word_1_49' title='bbox 90 725 359 780; x_wconf 86' lang='lat' dir='ltr'>inaequaliter</span> <span class='ocrx_word' id='word_1_50' title='bbox 402 727 590 769; x_wconf 82' lang='lat' dir='ltr'>dentatis</span> <span class='ocrx_word' id='word_1_51' title='bbox 634 727 791 769; x_wconf 83' lang='lat' dir='ltr'>subtus</span> <span class='ocrx_word' id='word_1_52' title='bbox 833 727 1448 779; x_wconf 81' lang='lat' dir='ltr'>lanuginoso-canescentibus</span> <span class='ocrx_word' id='word_1_53' title='bbox 1490 727 1600 770; x_wconf 89' lang='lat' dir='ltr'>lobis</span> <span class='ocrx_word' id='word_1_54' title='bbox 1638 727 1792 770; x_wconf 88' lang='lat' dir='ltr'>baseos</span> 
     </span>
     <span class='ocr_line' id='line_1_9' title="bbox 87 784 1795 840; baseline 0.001 -14"><span class='ocrx_word' id='word_1_55' title='bbox 87 784 347 835; x_wconf 84' lang='lat' dir='ltr'>rotundatis,</span> <span class='ocrx_word' id='word_1_56' title='bbox 374 785 555 827; x_wconf 80' lang='lat' dir='ltr'>caulinis</span> <span class='ocrx_word' id='word_1_57' title='bbox 586 785 866 828; x_wconf 83' lang='lat' dir='ltr'>inferioribus</span> <span class='ocrx_word' id='word_1_58' title='bbox 891 786 1248 839; x_wconf 82' lang='lat' dir='ltr'>vaginiformibus</span> <span class='ocrx_word' id='word_1_59' title='bbox 1276 787 1621 840; x_wconf 81' lang='lat' dir='ltr'>ovato-oblongis</span> <span class='ocrx_word' id='word_1_60' title='bbox 1649 787 1795 829; x_wconf 88' lang='lat' dir='ltr'>cucul-</span> 
     </span>
     <span class='ocr_line' id='line_1_10' title="bbox 91 843 1793 899; baseline 0.001 -14"><span class='ocrx_word' id='word_1_61' title='bbox 91 843 197 896; x_wconf 78' lang='lat' dir='ltr'>latis,</span> <span class='ocrx_word' id='word_1_62' title='bbox 229 844 380 896; x_wconf 84' lang='lat' dir='ltr'>thyrso</span> <span class='ocrx_word' id='word_1_63' title='bbox 416 843 612 896; x_wconf 83' lang='lat' dir='ltr'>oblongo,</span> <span class='ocrx_word' id='word_1_64' title='bbox 650 844 832 888; x_wconf 84' lang='lat' dir='ltr'>floribus</span> <span class='ocrx_word' id='word_1_65' title='bbox 864 845 1064 887; x_wconf 79' lang='lat' dir='ltr'>femineis</span> <span class='ocrx_word' id='word_1_66' title='bbox 1102 845 1393 896; x_wconf 69' lang='lat' dir='ltr'>filiformssms,</span> <span class='ocrx_word' id='word_1_67' title='bbox 1418 845 1694 899; x_wconf 76' lang='lat' dir='ltr'>stigmatibus</span> <span class='ocrx_word' id='word_1_68' title='bbox 1717 846 1793 887; x_wconf 86' lang='lat' dir='ltr'>sso—</span> 
     </span>
     <span class='ocr_line' id='line_1_11' title="bbox 88 902 1792 956; baseline 0 -11"><span class='ocrx_word' id='word_1_69' title='bbox 88 914 185 945; x_wconf 87' lang='lat' dir='ltr'>rum</span> <span class='ocrx_word' id='word_1_70' title='bbox 209 902 667 956; x_wconf 84' lang='lat' dir='ltr'>hermaphroditorum</span> <span class='ocrx_word' id='word_1_71' title='bbox 691 903 901 946; x_wconf 83' lang='lat' dir='ltr'>brevibus</span> <span class='ocrx_word' id='word_1_72' title='bbox 925 904 1065 947; x_wconf 80' lang='lat' dir='ltr'>ovatis</span> <span class='ocrx_word' id='word_1_73' title='bbox 1100 910 1159 950; x_wconf 73' lang='lat'>26.</span> <span class='ocrx_word' id='word_1_74' title='bbox 1199 903 1424 956; x_wconf 67' lang='lat' dir='ltr'>Tassilagyo</span> <span class='ocrx_word' id='word_1_75' title='bbox 1445 904 1651 956; x_wconf 72' lang='lat' dir='ltr'>peta-sites</span> <span class='ocrx_word' id='word_1_76' title='bbox 1676 908 1718 947; x_wconf 82' lang='lat' dir='ltr'>et</span> <span class='ocrx_word' id='word_1_77' title='bbox 1751 903 1792 945; x_wconf 89' lang='lat' dir='ltr'>T.</span> 
     </span>
     <span class='ocr_line' id='line_1_12' title="bbox 88 959 1793 1015; baseline 0.001 -12"><span class='ocrx_word' id='word_1_78' title='bbox 88 959 279 1013; x_wconf 70' lang='lat' dir='ltr'>hybrida</span> <span class='ocrx_word' id='word_1_79' title='bbox 310 961 355 1002; x_wconf 90' lang='lat' dir='ltr'>L.</span> <span class='ocrx_word' id='word_1_80' title='bbox 391 960 462 1014; x_wconf 90' lang='lat' dir='ltr'>Sp.</span> <span class='ocrx_word' id='word_1_81' title='bbox 500 962 620 1003; x_wconf 70' lang='lat'>1215.</span> <span class='ocrx_word' id='word_1_82' title='bbox 645 986 702 991; x_wconf 92' lang='lat'>—-</span> <span class='ocrx_word' id='word_1_83' title='bbox 748 965 790 1004; x_wconf 83' lang='lat' dir='ltr'>P.</span> <span class='ocrx_word' id='word_1_84' title='bbox 823 963 1023 1015; x_wconf 61' lang='lat' dir='ltr'>vulgaris</span> <span class='ocrx_word' id='word_1_85' title='bbox 1050 963 1165 1005; x_wconf 84' lang='lat' dir='ltr'>Dess.</span> <span class='ocrx_word' id='word_1_86' title='bbox 1192 962 1277 1004; x_wconf 87' lang='lat' dir='ltr'>Atl.</span> <span class='ocrx_word' id='word_1_87' title='bbox 1310 962 1360 1013; x_wconf 82' lang='lat' dir='ltr'>ll,</span> <span class='ocrx_word' id='word_1_88' title='bbox 1388 975 1425 1015; x_wconf 88' lang='lat' dir='ltr'>p.</span> <span class='ocrx_word' id='word_1_89' title='bbox 1453 964 1551 1004; x_wconf 69' lang='lat'>270.</span> <span class='ocrx_word' id='word_1_90' title='bbox 1577 988 1634 992; x_wconf 87' lang='lat'>—-</span> <span class='ocrx_word' id='word_1_91' title='bbox 1658 964 1793 1004; x_wconf 63' lang='lat' dir='ltr'>Rebi).</span> 
     </span>
     <span class='ocr_line' id='line_1_13' title="bbox 91 1019 1794 1075; baseline 0.001 -14"><span class='ocrx_word' id='word_1_92' title='bbox 91 1020 147 1063; x_wconf 85' lang='lat' dir='ltr'>lc.</span> <span class='ocrx_word' id='word_1_93' title='bbox 174 1019 319 1063; x_wconf 84' lang='lat' dir='ltr'>Germ.</span> <span class='ocrx_word' id='word_1_94' title='bbox 348 1020 434 1062; x_wconf 86' lang='lat' dir='ltr'>tab.</span> <span class='ocrx_word' id='word_1_95' title='bbox 457 1021 555 1061; x_wconf 84' lang='lat'>901.</span> <span class='ocrx_word' id='word_1_96' title='bbox 584 1045 641 1049; x_wconf 97' lang='lat'><strong>—</strong></span> <span class='ocrx_word' id='word_1_97' title='bbox 667 1021 714 1062; x_wconf 91' lang='grc' dir='ltr'>Ρ.</span> <span class='ocrx_word' id='word_1_98' title='bbox 739 1021 1023 1064; x_wconf 77' lang='lat' dir='ltr'>ochroleucus</span> <span class='ocrx_word' id='word_1_99' title='bbox 1059 1022 1196 1064; x_wconf 89' lang='lat' dir='ltr'>Boiss.</span> <span class='ocrx_word' id='word_1_100' title='bbox 1236 1024 1277 1063; x_wconf 86' lang='lat' dir='ltr'>et</span> <span class='ocrx_word' id='word_1_101' title='bbox 1304 1021 1417 1064; x_wconf 88' lang='lat' dir='ltr'>Huet</span> <span class='ocrx_word' id='word_1_102' title='bbox 1446 1022 1597 1075; x_wconf 87' lang='lat' dir='ltr'>Diagn.</span> <span class='ocrx_word' id='word_1_103' title='bbox 1622 1022 1716 1065; x_wconf 88' lang='lat' dir='ltr'>Ser.</span> <span class='ocrx_word' id='word_1_104' title='bbox 1744 1022 1794 1070; x_wconf 78' lang='lat' dir='ltr'>il,</span> 
     </span>
     <span class='ocr_line' id='line_1_14' title="bbox 88 1080 262 1132; baseline 0 -12"><span class='ocrx_word' id='word_1_105' title='bbox 88 1080 127 1131; x_wconf 85' lang='lat'>3,</span> <span class='ocrx_word' id='word_1_106' title='bbox 149 1091 190 1132; x_wconf 90' lang='lat' dir='ltr'>p.</span> <span class='ocrx_word' id='word_1_107' title='bbox 220 1080 262 1120; x_wconf 83' lang='lat'>5.</span> 
     </span>
    </p>
   </div>
   <div class='ocr_carea' id='block_1_4' title="bbox 84 1144 1795 1531">
    <p class='ocr_par' dir='ltr' id='par_1_4' title="bbox 84 1144 1795 1378">
     <span class='ocr_line' id='line_1_15' title="bbox 134 1144 1795 1192; baseline 0.001 -13"><span class='ocrx_word' id='word_1_108' title='bbox 134 1144 233 1179; x_wconf 86' lang='lat' dir='ltr'>Hah.</span> <span class='ocrx_word' id='word_1_109' title='bbox 255 1144 305 1179; x_wconf 88' lang='lat' dir='ltr'>ad</span> <span class='ocrx_word' id='word_1_110' title='bbox 324 1155 447 1190; x_wconf 82' lang='lat' dir='ltr'>aquas</span> <span class='ocrx_word' id='word_1_111' title='bbox 465 1146 672 1190; x_wconf 84' lang='lat' dir='ltr'>regionum</span> <span class='ocrx_word' id='word_1_112' title='bbox 691 1148 880 1192; x_wconf 80' lang='lat' dir='ltr'>septentr.</span> <span class='ocrx_word' id='word_1_113' title='bbox 907 1146 1079 1191; x_wconf 84' lang='lat' dir='ltr'>ditionis,</span> <span class='ocrx_word' id='word_1_114' title='bbox 1098 1145 1331 1180; x_wconf 84' lang='lat' dir='ltr'>Macedonia</span> <span class='ocrx_word' id='word_1_115' title='bbox 1350 1148 1387 1181; x_wconf 89' lang='lat' dir='ltr'>et</span> <span class='ocrx_word' id='word_1_116' title='bbox 1405 1146 1571 1182; x_wconf 79' lang='lat' dir='ltr'>Thracia</span> <span class='ocrx_word' id='word_1_117' title='bbox 1592 1146 1795 1190; x_wconf 79' lang='lat' dir='ltr'>(Griseb.)</span> 
     </span>
     <span class='ocr_line' id='line_1_16' title="bbox 86 1190 1795 1239; baseline 0.001 -12"><span class='ocrx_word' id='word_1_118' title='bbox 86 1190 274 1237; x_wconf 80' lang='lat' dir='ltr'>Bithynia</span> <span class='ocrx_word' id='word_1_119' title='bbox 303 1192 352 1226; x_wconf 89' lang='lat' dir='ltr'>ad</span> <span class='ocrx_word' id='word_1_120' title='bbox 381 1192 653 1228; x_wconf 79' lang='lat' dir='ltr'>Nicomediam</span> <span class='ocrx_word' id='word_1_121' title='bbox 686 1194 836 1237; x_wconf 76' lang='lat' dir='ltr'>(Aucti.</span> <span class='ocrx_word' id='word_1_122' title='bbox 870 1193 1015 1237; x_wconf 73' lang='lat'>47211)</span> <span class='ocrx_word' id='word_1_123' title='bbox 1053 1195 1091 1228; x_wconf 85' lang='lat' dir='ltr'>et</span> <span class='ocrx_word' id='word_1_124' title='bbox 1124 1194 1163 1227; x_wconf 90' lang='lat' dir='ltr'>in</span> <span class='ocrx_word' id='word_1_125' title='bbox 1196 1192 1370 1239; x_wconf 80' lang='lat' dir='ltr'>Olympo</span> <span class='ocrx_word' id='word_1_126' title='bbox 1403 1193 1578 1239; x_wconf 88' lang='lat' dir='ltr'>Bithyno</span> <span class='ocrx_word' id='word_1_127' title='bbox 1597 1196 1612 1235; x_wconf 78' lang='lat' dir='ltr'>s</span> <span class='ocrx_word' id='word_1_128' title='bbox 1629 1193 1795 1237; x_wconf 53' lang='lat' dir='ltr'>Siluiis),</span> 
     </span>
     <span class='ocr_line' id='line_1_17' title="bbox 86 1239 1794 1286; baseline 0.002 -14"><span class='ocrx_word' id='word_1_129' title='bbox 86 1239 272 1273; x_wconf 75' lang='lat' dir='ltr'>Armenia</span> <span class='ocrx_word' id='word_1_130' title='bbox 293 1239 457 1274; x_wconf 79' lang='lat' dir='ltr'>Turcica</span> <span class='ocrx_word' id='word_1_131' title='bbox 475 1240 525 1275; x_wconf 85' lang='lat' dir='ltr'>ad</span> <span class='ocrx_word' id='word_1_132' title='bbox 543 1240 839 1275; x_wconf 81' lang='lat' dir='ltr'>Zazalarkhane</span> <span class='ocrx_word' id='word_1_133' title='bbox 873 1240 1044 1285; x_wconf 76' lang='lat' dir='ltr'>(Huetl),</span> <span class='ocrx_word' id='word_1_134' title='bbox 1064 1240 1210 1275; x_wconf 72' lang='lat' dir='ltr'>Tauria</span> <span class='ocrx_word' id='word_1_135' title='bbox 1228 1243 1265 1274; x_wconf 87' lang='lat' dir='ltr'>et</span> <span class='ocrx_word' id='word_1_136' title='bbox 1292 1251 1401 1286; x_wconf 88' lang='lat' dir='ltr'>prov.</span> <span class='ocrx_word' id='word_1_137' title='bbox 1435 1241 1499 1275; x_wconf 86' lang='lat' dir='ltr'>Cis</span> <span class='ocrx_word' id='word_1_138' title='bbox 1520 1243 1557 1276; x_wconf 84' lang='lat' dir='ltr'>et</span> <span class='ocrx_word' id='word_1_139' title='bbox 1574 1241 1794 1276; x_wconf 74' lang='lat' dir='ltr'>Transeau-</span> 
     </span>
     <span class='ocr_line' id='line_1_18' title="bbox 84 1285 1794 1330; baseline 0.001 -9"><span class='ocrx_word' id='word_1_140' title='bbox 84 1285 220 1321; x_wconf 87' lang='lat' dir='ltr'>casicis</span> <span class='ocrx_word' id='word_1_141' title='bbox 238 1285 370 1329; x_wconf 78' lang='lat' dir='ltr'>(M.ss.‚</span> <span class='ocrx_word' id='word_1_142' title='bbox 389 1286 482 1321; x_wconf 88' lang='lat' dir='ltr'>Led.</span> <span class='ocrx_word' id='word_1_143' title='bbox 495 1292 514 1330; x_wconf 72' lang='lat' dir='ltr'>l,</span> <span class='ocrx_word' id='word_1_144' title='bbox 542 1287 675 1323; x_wconf 80' lang='lat' dir='ltr'>Persia</span> <span class='ocrx_word' id='word_1_145' title='bbox 701 1287 786 1323; x_wconf 88' lang='lat' dir='ltr'>bor.</span> <span class='ocrx_word' id='word_1_146' title='bbox 815 1288 996 1322; x_wconf 82' lang='lat' dir='ltr'>orientali</span> <span class='ocrx_word' id='word_1_147' title='bbox 1020 1287 1070 1322; x_wconf 84' lang='lat' dir='ltr'>ad</span> <span class='ocrx_word' id='word_1_148' title='bbox 1088 1288 1241 1322; x_wconf 84' lang='lat' dir='ltr'>rivulos</span> <span class='ocrx_word' id='word_1_149' title='bbox 1258 1287 1357 1322; x_wconf 78' lang='lat' dir='ltr'>inter</span> <span class='ocrx_word' id='word_1_150' title='bbox 1373 1288 1594 1323; x_wconf 82' lang='lat' dir='ltr'>Asterabad</span> <span class='ocrx_word' id='word_1_151' title='bbox 1613 1292 1650 1323; x_wconf 88' lang='lat' dir='ltr'>et</span> <span class='ocrx_word' id='word_1_152' title='bbox 1668 1288 1794 1323; x_wconf 67' lang='lat' dir='ltr'>Siaret</span> 
     </span>
     <span class='ocr_line' id='line_1_19' title="bbox 85 1332 232 1378; baseline -0.007 -11"><span class='ocrx_word' id='word_1_153' title='bbox 85 1332 184 1378; x_wconf 78' lang='lat' dir='ltr'>(Ege</span> <span class='ocrx_word' id='word_1_154' title='bbox 198 1334 232 1375; x_wconf 84' lang='lat' dir='ltr'>l).</span> 
     </span>
    </p>

    <p class='ocr_par' dir='ltr' id='par_1_5' title="bbox 84 1386 1794 1531">
     <span class='ocr_line' id='line_1_20' title="bbox 133 1386 1792 1436; baseline 0.002 -14"><span class='ocrx_word' id='word_1_155' title='bbox 133 1386 274 1423; x_wconf 81' lang='lat' dir='ltr'>Planta</span> <span class='ocrx_word' id='word_1_156' title='bbox 291 1388 464 1423; x_wconf 83' lang='lat' dir='ltr'>Armena</span> <span class='ocrx_word' id='word_1_157' title='bbox 477 1399 597 1435; x_wconf 83' lang='lat' dir='ltr'>quam</span> <span class='ocrx_word' id='word_1_158' title='bbox 609 1399 657 1424; x_wconf 84' lang='lat' dir='ltr'>ex</span> <span class='ocrx_word' id='word_1_159' title='bbox 675 1390 959 1436; x_wconf 79' lang='lat' dir='ltr'>speciminibus</span> <span class='ocrx_word' id='word_1_160' title='bbox 977 1393 1159 1426; x_wconf 80' lang='lat' dir='ltr'>caeterum</span> <span class='ocrx_word' id='word_1_161' title='bbox 1174 1400 1252 1425; x_wconf 87' lang='lat' dir='ltr'>non</span> <span class='ocrx_word' id='word_1_162' title='bbox 1268 1393 1330 1425; x_wconf 86' lang='lat' dir='ltr'>sat</span> <span class='ocrx_word' id='word_1_163' title='bbox 1348 1390 1517 1426; x_wconf 84' lang='lat' dir='ltr'>evolutis</span> <span class='ocrx_word' id='word_1_164' title='bbox 1535 1394 1580 1426; x_wconf 83' lang='lat' dir='ltr'>ut</span> <span class='ocrx_word' id='word_1_165' title='bbox 1596 1391 1792 1426; x_wconf 85' lang='lat' dir='ltr'>diversam</span> 
     </span>
     <span class='ocr_line' id='line_1_21' title="bbox 84 1434 1794 1485; baseline 0.002 -16"><span class='ocrx_word' id='word_1_166' title='bbox 84 1434 208 1469; x_wconf 87' lang='lat' dir='ltr'>habui</span> <span class='ocrx_word' id='word_1_167' title='bbox 225 1435 311 1470; x_wconf 89' lang='lat' dir='ltr'>nihi</span> <span class='ocrx_word' id='word_1_168' title='bbox 331 1445 434 1471; x_wconf 90' lang='lat' dir='ltr'>nunc</span> <span class='ocrx_word' id='word_1_169' title='bbox 451 1436 629 1482; x_wconf 88' lang='lat' dir='ltr'>specifice</span> <span class='ocrx_word' id='word_1_170' title='bbox 645 1447 723 1472; x_wconf 85' lang='lat' dir='ltr'>non</span> <span class='ocrx_word' id='word_1_171' title='bbox 741 1437 896 1473; x_wconf 84' lang='lat' dir='ltr'>differre</span> <span class='ocrx_word' id='word_1_172' title='bbox 911 1437 1077 1479; x_wconf 71' lang='lat' dir='ltr'>videtur,</span> <span class='ocrx_word' id='word_1_173' title='bbox 1086 1437 1133 1472; x_wconf 82' lang='lat' dir='ltr'>cl.</span> <span class='ocrx_word' id='word_1_174' title='bbox 1149 1437 1368 1473; x_wconf 76' lang='lat' dir='ltr'>Grrisebach</span> <span class='ocrx_word' id='word_1_175' title='bbox 1387 1438 1500 1473; x_wconf 79' lang='lat' dir='ltr'>flores</span> <span class='ocrx_word' id='word_1_176' title='bbox 1511 1439 1657 1485; x_wconf 83' lang='lat' dir='ltr'>plantae</span> <span class='ocrx_word' id='word_1_177' title='bbox 1671 1439 1794 1473; x_wconf 65' lang='lat' dir='ltr'>Maco-</span> 
     </span>
     <span class='ocr_line' id='line_1_22' title="bbox 86 1481 1235 1531; baseline 0.003 -15"><span class='ocrx_word' id='word_1_178' title='bbox 86 1481 236 1516; x_wconf 85' lang='lat' dir='ltr'>donicae</span> <span class='ocrx_word' id='word_1_179' title='bbox 254 1483 291 1516; x_wconf 83' lang='lat' dir='ltr'>et</span> <span class='ocrx_word' id='word_1_180' title='bbox 310 1481 530 1528; x_wconf 82' lang='lat' dir='ltr'>Bithynicae</span> <span class='ocrx_word' id='word_1_181' title='bbox 548 1483 742 1530; x_wconf 85' lang='lat' dir='ltr'>pallentes</span> <span class='ocrx_word' id='word_1_182' title='bbox 765 1495 852 1520; x_wconf 82' lang='lat' dir='ltr'>esse</span> <span class='ocrx_word' id='word_1_183' title='bbox 867 1495 1024 1531; x_wconf 88' lang='lat' dir='ltr'>quoque</span> <span class='ocrx_word' id='word_1_184' title='bbox 1043 1485 1235 1520; x_wconf 87' lang='lat' dir='ltr'>observat.</span> 
     </span>
    </p>
   </div>
   <div class='ocr_carea' id='block_1_5' title="bbox 87 1536 1794 1620">
    <p class='ocr_par' dir='ltr' id='par_1_6' title="bbox 87 1536 1794 1620">
     <span class='ocr_line' id='line_1_23' title="bbox 132 1536 1794 1588; baseline 0.002 -17"><span class='ocrx_word' id='word_1_185' title='bbox 132 1537 194 1572; x_wconf 83' lang='lat' dir='ltr'>Ar.</span> <span class='ocrx_word' id='word_1_186' title='bbox 218 1536 352 1582; x_wconf 74' lang='lat' dir='ltr'>Geoqr.</span> <span class='ocrx_word' id='word_1_187' title='bbox 381 1537 540 1584; x_wconf 84' lang='lat' dir='ltr'>Europa</span> <span class='ocrx_word' id='word_1_188' title='bbox 571 1538 742 1575; x_wconf 86' lang='lat' dir='ltr'>borealis</span> <span class='ocrx_word' id='word_1_189' title='bbox 773 1541 811 1575; x_wconf 88' lang='lat' dir='ltr'>et</span> <span class='ocrx_word' id='word_1_190' title='bbox 828 1540 958 1574; x_wconf 80' lang='lat' dir='ltr'>modia</span> <span class='ocrx_word' id='word_1_191' title='bbox 977 1551 1000 1575; x_wconf 85' lang='lat' dir='ltr'>a</span> <span class='ocrx_word' id='word_1_192' title='bbox 1017 1539 1283 1575; x_wconf 70' lang='lat' dir='ltr'>Scandinavia</span> <span class='ocrx_word' id='word_1_193' title='bbox 1310 1541 1360 1576; x_wconf 87' lang='lat' dir='ltr'>ad</span> <span class='ocrx_word' id='word_1_194' title='bbox 1384 1540 1567 1576; x_wconf 83' lang='lat' dir='ltr'>Bossiam</span> <span class='ocrx_word' id='word_1_195' title='bbox 1597 1543 1794 1588; x_wconf 81' lang='lat' dir='ltr'>septentr.‚</span> 
     </span>
     <span class='ocr_line' id='line_1_24' title="bbox 87 1582 464 1620; baseline 0 -1"><span class='ocrx_word' id='word_1_196' title='bbox 87 1582 231 1619; x_wconf 87' lang='lat' dir='ltr'>Sibiria</span> <span class='ocrx_word' id='word_1_197' title='bbox 248 1583 464 1620; x_wconf 84' lang='lat' dir='ltr'>Uralensis.</span> 
     </span>
    </p>
   </div>
   <div class='ocr_carea' id='block_1_6' title="bbox 84 1700 1794 1933">
    <p class='ocr_par' dir='ltr' id='par_1_7' title="bbox 84 1700 1794 1933">
     <span class='ocr_line' id='line_1_25' title="bbox 143 1700 1794 1756; baseline 0.002 -15"><span class='ocrx_word' id='word_1_198' title='bbox 143 1701 183 1742; x_wconf 76' lang='lat'>2.</span> <span class='ocrx_word' id='word_1_199' title='bbox 216 1700 274 1744; x_wconf 89' lang='lat' dir='ltr'>P.</span> <span class='ocrx_word' id='word_1_200' title='bbox 300 1701 476 1744; x_wconf 86' lang='lat' dir='ltr'>albus</span> <span class='ocrx_word' id='word_1_201' title='bbox 502 1700 570 1756; x_wconf 88' lang='lat' dir='ltr'>(L.</span> <span class='ocrx_word' id='word_1_202' title='bbox 597 1701 669 1755; x_wconf 89' lang='lat' dir='ltr'>Sp.</span> <span class='ocrx_word' id='word_1_203' title='bbox 704 1703 816 1744; x_wconf 74' lang='lat'>1214</span> <span class='ocrx_word' id='word_1_204' title='bbox 842 1703 926 1746; x_wconf 91' lang='lat' dir='ltr'>sub</span> <span class='ocrx_word' id='word_1_205' title='bbox 952 1702 1244 1756; x_wconf 74' lang='lat' dir='ltr'>thssilayine)</span> <span class='ocrx_word' id='word_1_206' title='bbox 1262 1703 1375 1746; x_wconf 88' lang='lat' dir='ltr'>foliis</span> <span class='ocrx_word' id='word_1_207' title='bbox 1403 1703 1669 1745; x_wconf 87' lang='lat' dir='ltr'>radicaiibus</span> <span class='ocrx_word' id='word_1_208' title='bbox 1692 1704 1794 1747; x_wconf 87' lang='lat' dir='ltr'>sub-</span> 
     </span>
     <span class='ocr_line' id='line_1_26' title="bbox 86 1759 1792 1816; baseline 0.001 -15"><span class='ocrx_word' id='word_1_209' title='bbox 86 1759 484 1803; x_wconf 84' lang='lat' dir='ltr'>rotundo·cordatis</span> <span class='ocrx_word' id='word_1_210' title='bbox 523 1762 744 1814; x_wconf 83' lang='lat' dir='ltr'>angulosis</span> <span class='ocrx_word' id='word_1_211' title='bbox 777 1766 939 1816; x_wconf 82' lang='lat' dir='ltr'>,argute</span> <span class='ocrx_word' id='word_1_212' title='bbox 980 1762 1168 1805; x_wconf 85' lang='lat' dir='ltr'>dentatis</span> <span class='ocrx_word' id='word_1_213' title='bbox 1212 1775 1346 1816; x_wconf 87' lang='lat' dir='ltr'>supra</span> <span class='ocrx_word' id='word_1_214' title='bbox 1388 1762 1598 1815; x_wconf 74' lang='lat' dir='ltr'>glabr-atis</span> <span class='ocrx_word' id='word_1_215' title='bbox 1636 1763 1792 1806; x_wconf 79' lang='lat' dir='ltr'>subtus</span> 
     </span>
     <span class='ocr_line' id='line_1_27' title="bbox 84 1817 1791 1875; baseline 0.002 -15"><span class='ocrx_word' id='word_1_216' title='bbox 84 1817 634 1872; x_wconf 83' lang='lat' dir='ltr'>lanuginoso-tomentosis,</span> <span class='ocrx_word' id='word_1_217' title='bbox 658 1820 842 1862; x_wconf 84' lang='lat' dir='ltr'>caulinis</span> <span class='ocrx_word' id='word_1_218' title='bbox 884 1821 1170 1865; x_wconf 87' lang='lat' dir='ltr'>inferioribus</span> <span class='ocrx_word' id='word_1_219' title='bbox 1206 1821 1607 1874; x_wconf 79' lang='lat' dir='ltr'>vaginaesormibus,</span> <span class='ocrx_word' id='word_1_220' title='bbox 1642 1822 1791 1875; x_wconf 81' lang='lat' dir='ltr'>thyrso</span> 
     </span>
     <span class='ocr_line' id='line_1_28' title="bbox 86 1878 1793 1933; baseline 0.002 -14"><span class='ocrx_word' id='word_1_221' title='bbox 86 1880 211 1920; x_wconf 82' lang='lat' dir='ltr'>ovato</span> <span class='ocrx_word' id='word_1_222' title='bbox 238 1878 306 1919; x_wconf 86' lang='lat' dir='ltr'>vel</span> <span class='ocrx_word' id='word_1_223' title='bbox 331 1878 559 1932; x_wconf 82' lang='lat' dir='ltr'>fastigiato,</span> <span class='ocrx_word' id='word_1_224' title='bbox 583 1878 766 1921; x_wconf 86' lang='lat' dir='ltr'>floribus</span> <span class='ocrx_word' id='word_1_225' title='bbox 792 1880 992 1923; x_wconf 86' lang='lat' dir='ltr'>femineis</span> <span class='ocrx_word' id='word_1_226' title='bbox 1017 1879 1312 1932; x_wconf 76' lang='lat' dir='ltr'>fllisormibus,</span> <span class='ocrx_word' id='word_1_227' title='bbox 1336 1880 1611 1933; x_wconf 85' lang='lat' dir='ltr'>stigmatibus</span> <span class='ocrx_word' id='word_1_228' title='bbox 1634 1881 1793 1923; x_wconf 83' lang='lat' dir='ltr'>florum</span> 
     </span>
    </p>
   </div>
   <div class='ocr_carea' id='block_1_7' title="bbox 85 1935 1791 2050">
    <p class='ocr_par' dir='ltr' id='par_1_8' title="bbox 85 1935 1791 2050">
     <span class='ocr_line' id='line_1_29' title="bbox 85 1935 1791 1991; baseline 0.002 -15"><span class='ocrx_word' id='word_1_229' title='bbox 85 1935 545 1991; x_wconf 82' lang='lat' dir='ltr'>hermaphroditorum</span> <span class='ocrx_word' id='word_1_230' title='bbox 567 1937 777 1991; x_wconf 85' lang='lat' dir='ltr'>elongatis</span> <span class='ocrx_word' id='word_1_231' title='bbox 800 1938 1231 1982; x_wconf 75' lang='lat' dir='ltr'>lineari-lanceolatis</span> <span class='ocrx_word' id='word_1_232' title='bbox 1247 1939 1506 1981; x_wconf 82' lang='lat' dir='ltr'>acuminatis</span> <span class='ocrx_word' id='word_1_233' title='bbox 1529 1940 1648 1985; x_wconf 48' lang='lat' dir='ltr'>MP.</span> <span class='ocrx_word' id='word_1_234' title='bbox 1666 1939 1791 1981; x_wconf 72' lang='lat' dir='ltr'>albus</span> 
     </span>
     <span class='ocr_line' id='line_1_30' title="bbox 87 1993 1127 2050; baseline 0.002 -13"><span class='ocrx_word' id='word_1_235' title='bbox 87 1993 242 2037; x_wconf 72' lang='lat' dir='ltr'>Gartn.</span> <span class='ocrx_word' id='word_1_236' title='bbox 260 1995 314 2046; x_wconf 82' lang='grc' dir='ltr'>ΙΙ,</span> <span class='ocrx_word' id='word_1_237' title='bbox 341 2009 382 2050; x_wconf 91' lang='lat' dir='ltr'>p.</span> <span class='ocrx_word' id='word_1_238' title='bbox 412 1997 511 2037; x_wconf 70' lang='lat'>406.</span> <span class='ocrx_word' id='word_1_239' title='bbox 536 2020 586 2027; x_wconf 93' lang='lat'><strong>—</strong></span> <span class='ocrx_word' id='word_1_240' title='bbox 608 1996 743 2039; x_wconf 87' lang='lat' dir='ltr'>Rchb.</span> <span class='ocrx_word' id='word_1_241' title='bbox 768 1998 823 2039; x_wconf 90' lang='lat' dir='ltr'>Ic.</span> <span class='ocrx_word' id='word_1_242' title='bbox 853 1996 1000 2040; x_wconf 86' lang='lat' dir='ltr'>Germ.</span> <span class='ocrx_word' id='word_1_243' title='bbox 1027 1999 1127 2041; x_wconf 84' lang='lat'>899.</span> 
     </span>
    </p>
   </div>
   <div class='ocr_carea' id='block_1_8' title="bbox 84 2066 1792 2210">
    <p class='ocr_par' dir='ltr' id='par_1_9' title="bbox 84 2066 1792 2210">
     <span class='ocr_line' id='line_1_31' title="bbox 132 2066 1791 2116; baseline 0.003 -14"><span class='ocrx_word' id='word_1_244' title='bbox 132 2066 232 2103; x_wconf 88' lang='lat' dir='ltr'>Hah.</span> <span class='ocrx_word' id='word_1_245' title='bbox 248 2068 288 2103; x_wconf 90' lang='lat' dir='ltr'>in</span> <span class='ocrx_word' id='word_1_246' title='bbox 304 2068 478 2104; x_wconf 87' lang='lat' dir='ltr'>humidis</span> <span class='ocrx_word' id='word_1_247' title='bbox 495 2069 640 2115; x_wconf 83' lang='lat' dir='ltr'>alpinis</span> <span class='ocrx_word' id='word_1_248' title='bbox 654 2069 833 2105; x_wconf 84' lang='lat' dir='ltr'>Thraciae</span> <span class='ocrx_word' id='word_1_249' title='bbox 846 2071 1003 2115; x_wconf 85' lang='lat' dir='ltr'>(Frivl)‚</span> <span class='ocrx_word' id='word_1_250' title='bbox 1021 2071 1137 2107; x_wconf 82' lang='lat' dir='ltr'>Ponti</span> <span class='ocrx_word' id='word_1_251' title='bbox 1158 2071 1285 2107; x_wconf 87' lang='lat' dir='ltr'>Lazici</span> <span class='ocrx_word' id='word_1_252' title='bbox 1303 2072 1353 2106; x_wconf 87' lang='lat' dir='ltr'>ad</span> <span class='ocrx_word' id='word_1_253' title='bbox 1377 2071 1510 2115; x_wconf 88' lang='lat' dir='ltr'>Djimil</span> <span class='ocrx_word' id='word_1_254' title='bbox 1528 2071 1633 2107; x_wconf 76' lang='lat'><strong>6000·</strong></span> <span class='ocrx_word' id='word_1_255' title='bbox 1653 2071 1743 2116; x_wconf 75' lang='lat' dir='ltr'>(Bal</span> <span class='ocrx_word' id='word_1_256' title='bbox 1755 2072 1791 2113; x_wconf 76' lang='lat' dir='ltr'>ll,</span> 
     </span>
     <span class='ocr_line' id='line_1_32' title="bbox 86 2111 1792 2165; baseline 0.004 -17"><span class='ocrx_word' id='word_1_257' title='bbox 86 2111 247 2150; x_wconf 86' lang='lat' dir='ltr'>Caucasi</span> <span class='ocrx_word' id='word_1_258' title='bbox 265 2115 306 2150; x_wconf 90' lang='lat' dir='ltr'>in</span> <span class='ocrx_word' id='word_1_259' title='bbox 323 2115 548 2151; x_wconf 79' lang='lat' dir='ltr'>Somchetia</span> <span class='ocrx_word' id='word_1_260' title='bbox 562 2119 599 2152; x_wconf 90' lang='lat' dir='ltr'>et</span> <span class='ocrx_word' id='word_1_261' title='bbox 613 2117 940 2163; x_wconf 81' lang='lat' dir='ltr'>Guria(Ledeb.)‚</span> <span class='ocrx_word' id='word_1_262' title='bbox 950 2118 1127 2154; x_wconf 80' lang='lat' dir='ltr'>Caucaso</span> <span class='ocrx_word' id='word_1_263' title='bbox 1145 2119 1309 2154; x_wconf 84' lang='lat' dir='ltr'>centrali</span> <span class='ocrx_word' id='word_1_264' title='bbox 1329 2119 1378 2153; x_wconf 87' lang='lat' dir='ltr'>ad</span> <span class='ocrx_word' id='word_1_265' title='bbox 1392 2118 1792 2165; x_wconf 70' lang='lat' dir='ltr'>Kaisehaurffluprll,</span> 
     </span>
     <span class='ocr_line' id='line_1_33' title="bbox 84 2160 1271 2210; baseline 0.006 -15"><span class='ocrx_word' id='word_1_266' title='bbox 84 2160 279 2197; x_wconf 76' lang='lat' dir='ltr'>Armeniae</span> <span class='ocrx_word' id='word_1_267' title='bbox 298 2162 471 2199; x_wconf 85' lang='lat' dir='ltr'>Rossicae</span> <span class='ocrx_word' id='word_1_268' title='bbox 489 2166 528 2199; x_wconf 85' lang='lat' dir='ltr'>et</span> <span class='ocrx_word' id='word_1_269' title='bbox 544 2174 653 2210; x_wconf 89' lang='lat' dir='ltr'>prov.</span> <span class='ocrx_word' id='word_1_270' title='bbox 672 2164 847 2210; x_wconf 84' lang='lat' dir='ltr'>Talysch</span> <span class='ocrx_word' id='word_1_271' title='bbox 864 2165 1016 2209; x_wconf 83' lang='lat' dir='ltr'>(Buhse</span> <span class='ocrx_word' id='word_1_272' title='bbox 1029 2167 1067 2210; x_wconf 86' lang='lat' dir='ltr'>l).</span> <span class='ocrx_word' id='word_1_273' title='bbox 1096 2165 1150 2201; x_wconf 85' lang='lat' dir='ltr'>Fl.</span> <span class='ocrx_word' id='word_1_274' title='bbox 1171 2177 1271 2202; x_wconf 85' lang='lat' dir='ltr'>vere.</span> 
     </span>
    </p>
   </div>
   <div class='ocr_carea' id='block_1_9' title="bbox 84 2223 1786 2307">
    <p class='ocr_par' dir='ltr' id='par_1_10' title="bbox 84 2223 1786 2307">
     <span class='ocr_line' id='line_1_34' title="bbox 84 2223 1786 2306; baseline 0.002 -47"><span class='ocrx_word' id='word_1_275' title='bbox 84 2223 190 2306; x_wconf 41' lang='lat' dir='ltr'>Alf..</span> <span class='ocrx_word' id='word_1_276' title='bbox 211 2223 343 2271; x_wconf 71' lang='lat' dir='ltr'>Geoqr.</span> <span class='ocrx_word' id='word_1_277' title='bbox 367 2226 524 2272; x_wconf 86' lang='lat' dir='ltr'>Europa</span> <span class='ocrx_word' id='word_1_278' title='bbox 538 2228 637 2274; x_wconf 86' lang='lat' dir='ltr'>sept.</span> <span class='ocrx_word' id='word_1_279' title='bbox 659 2229 696 2262; x_wconf 88' lang='lat' dir='ltr'>et</span> <span class='ocrx_word' id='word_1_280' title='bbox 711 2227 841 2263; x_wconf 87' lang='lat' dir='ltr'>media</span> <span class='ocrx_word' id='word_1_281' title='bbox 860 2238 884 2263; x_wconf 90' lang='lat' dir='ltr'>a</span> <span class='ocrx_word' id='word_1_282' title='bbox 899 2228 1167 2264; x_wconf 74' lang='lat' dir='ltr'>scandinavia</span> <span class='ocrx_word' id='word_1_283' title='bbox 1181 2229 1228 2265; x_wconf 87' lang='lat' dir='ltr'>ad</span> <span class='ocrx_word' id='word_1_284' title='bbox 1248 2229 1429 2265; x_wconf 84' lang='lat' dir='ltr'>Rossiam</span> <span class='ocrx_word' id='word_1_285' title='bbox 1455 2228 1786 2273; x_wconf 79' lang='lat' dir='ltr'>inediam‚Sibiria</span> 
     </span>
     <span class='ocr_line' id='line_1_35' title="bbox 152 2281 247 2307; baseline 0 -1"><span class='ocrx_word' id='word_1_286' title='bbox 152 2281 247 2307; x_wconf 78' lang='lat' dir='ltr'>alca.</span> 
     </span>
    </p>
   </div>
   <div class='ocr_carea' id='block_1_10' title="bbox 621 2387 1261 2450">
    <p class='ocr_par' dir='ltr' id='par_1_11' title="bbox 621 2387 1261 2450">
     <span class='ocr_line' id='line_1_36' title="bbox 621 2387 1261 2450; baseline 0.003 -16"><span class='ocrx_word' id='word_1_287' title='bbox 621 2387 901 2436; x_wconf 77' lang='lat' dir='ltr'>TUSSlLAGO</span> <span class='ocrx_word' id='word_1_288' title='bbox 928 2388 991 2450; x_wconf 82' lang='lat' dir='ltr'>(L.</span> <span class='ocrx_word' id='word_1_289' title='bbox 1018 2388 1115 2437; x_wconf 83' lang='lat' dir='ltr'>Gen.</span> <span class='ocrx_word' id='word_1_290' title='bbox 1143 2389 1261 2450; x_wconf 77' lang='lat'>952).</span> 
     </span>
    </p>
   </div>
   <div class='ocr_carea' id='block_1_11' title="bbox 85 2513 1790 2806">
    <p class='ocr_par' dir='ltr' id='par_1_12' title="bbox 85 2513 1790 2806">
     <span class='ocr_line' id='line_1_37' title="bbox 143 2513 1790 2575; baseline 0.004 -18"><span class='ocrx_word' id='word_1_291' title='bbox 143 2513 391 2568; x_wconf 87' lang='lat' dir='ltr'>Capitulum</span> <span class='ocrx_word' id='word_1_292' title='bbox 418 2516 649 2560; x_wconf 84' lang='lat' dir='ltr'>radiatum.</span> <span class='ocrx_word' id='word_1_293' title='bbox 676 2517 828 2561; x_wconf 88' lang='lat' dir='ltr'>Flores</span> <span class='ocrx_word' id='word_1_294' title='bbox 862 2519 1126 2573; x_wconf 85' lang='lat' dir='ltr'>marginales</span> <span class='ocrx_word' id='word_1_295' title='bbox 1148 2521 1449 2575; x_wconf 88' lang='lat' dir='ltr'>pluriseriales</span> <span class='ocrx_word' id='word_1_296' title='bbox 1475 2521 1649 2563; x_wconf 73' lang='lat' dir='ltr'>feminei</span> <span class='ocrx_word' id='word_1_297' title='bbox 1682 2521 1790 2575; x_wconf 87' lang='lat' dir='ltr'>ligu-</span> 
     </span>
     <span class='ocr_line' id='line_1_38' title="bbox 89 2572 1787 2634; baseline 0.005 -20"><span class='ocrx_word' id='word_1_298' title='bbox 89 2572 162 2615; x_wconf 84' lang='lat' dir='ltr'>lati</span> <span class='ocrx_word' id='word_1_299' title='bbox 185 2573 358 2627; x_wconf 85' lang='lat' dir='ltr'>integri,</span> <span class='ocrx_word' id='word_1_300' title='bbox 386 2574 491 2618; x_wconf 88' lang='lat' dir='ltr'>disci</span> <span class='ocrx_word' id='word_1_301' title='bbox 514 2577 860 2630; x_wconf 83' lang='lat' dir='ltr'>hermaphroditi</span> <span class='ocrx_word' id='word_1_302' title='bbox 883 2579 1076 2621; x_wconf 86' lang='lat' dir='ltr'>tubulosi</span> <span class='ocrx_word' id='word_1_303' title='bbox 1103 2580 1480 2634; x_wconf 84' lang='lat' dir='ltr'>quinquedentati.</span> <span class='ocrx_word' id='word_1_304' title='bbox 1505 2580 1787 2622; x_wconf 88' lang='lat' dir='ltr'>Involucrum</span> 
     </span>
     <span class='ocr_line' id='line_1_39' title="bbox 88 2630 1787 2692; baseline 0.005 -20"><span class='ocrx_word' id='word_1_305' title='bbox 88 2630 273 2686; x_wconf 84' lang='lat' dir='ltr'>simplex</span> <span class='ocrx_word' id='word_1_306' title='bbox 311 2632 698 2687; x_wconf 84' lang='lat' dir='ltr'>subcalyculatum.</span> <span class='ocrx_word' id='word_1_307' title='bbox 744 2636 1084 2690; x_wconf 86' lang='lat' dir='ltr'>Receptaculum</span> <span class='ocrx_word' id='word_1_308' title='bbox 1128 2638 1311 2680; x_wconf 89' lang='lat' dir='ltr'>nudum.</span> <span class='ocrx_word' id='word_1_309' title='bbox 1348 2638 1556 2692; x_wconf 87' lang='lat' dir='ltr'>Stigmata</span> <span class='ocrx_word' id='word_1_310' title='bbox 1596 2639 1787 2680; x_wconf 87' lang='lat' dir='ltr'>linearia.</span> 
     </span>
     <span class='ocr_line' id='line_1_40' title="bbox 85 2688 1787 2750; baseline 0.005 -20"><span class='ocrx_word' id='word_1_311' title='bbox 85 2688 261 2744; x_wconf 85' lang='lat' dir='ltr'>Pappus</span> <span class='ocrx_word' id='word_1_312' title='bbox 290 2691 401 2734; x_wconf 87' lang='lat' dir='ltr'>radii</span> <span class='ocrx_word' id='word_1_313' title='bbox 438 2693 744 2747; x_wconf 86' lang='lat' dir='ltr'>pluriserialis‚</span> <span class='ocrx_word' id='word_1_314' title='bbox 775 2694 881 2737; x_wconf 86' lang='lat' dir='ltr'>disci</span> <span class='ocrx_word' id='word_1_315' title='bbox 914 2696 1168 2738; x_wconf 88' lang='lat' dir='ltr'>uniserialis</span> <span class='ocrx_word' id='word_1_316' title='bbox 1192 2696 1373 2750; x_wconf 89' lang='lat' dir='ltr'>pilosus.</span> <span class='ocrx_word' id='word_1_317' title='bbox 1399 2721 1455 2728; x_wconf 90' lang='lat'>-</span> <span class='ocrx_word' id='word_1_318' title='bbox 1486 2697 1631 2739; x_wconf 87' lang='lat' dir='ltr'>Herba</span> <span class='ocrx_word' id='word_1_319' title='bbox 1667 2698 1787 2740; x_wconf 86' lang='lat' dir='ltr'>caule</span> 
     </span>
     <span class='ocr_line' id='line_1_41' title="bbox 86 2748 1043 2806; baseline 0.007 -17"><span class='ocrx_word' id='word_1_320' title='bbox 86 2748 330 2802; x_wconf 82' lang='lat' dir='ltr'>scapiformi</span> <span class='ocrx_word' id='word_1_321' title='bbox 355 2752 679 2806; x_wconf 81' lang='lat' dir='ltr'>monocephalo‚</span> <span class='ocrx_word' id='word_1_322' title='bbox 696 2752 880 2796; x_wconf 86' lang='lat' dir='ltr'>floribus</span> <span class='ocrx_word' id='word_1_323' title='bbox 902 2754 1043 2797; x_wconf 83' lang='lat' dir='ltr'>luteis.</span> 
     </span>
    </p>
   </div>
   <div class='ocr_carea' id='block_1_12' title="bbox 83 2874 1787 3048">
    <p class='ocr_par' dir='ltr' id='par_1_13' title="bbox 83 2874 1787 3048">
     <span class='ocr_line' id='line_1_42' title="bbox 146 2874 1787 2935; baseline 0.004 -19"><span class='ocrx_word' id='word_1_324' title='bbox 146 2876 181 2916; x_wconf 90' lang='lat'>1.</span> <span class='ocrx_word' id='word_1_325' title='bbox 214 2874 272 2918; x_wconf 88' lang='grc' dir='ltr'>Τ.</span> <span class='ocrx_word' id='word_1_326' title='bbox 302 2876 550 2920; x_wconf 78' lang='lat' dir='ltr'>Farfara</span> <span class='ocrx_word' id='word_1_327' title='bbox 566 2877 634 2934; x_wconf 89' lang='lat' dir='ltr'>(L.</span> <span class='ocrx_word' id='word_1_328' title='bbox 658 2877 729 2933; x_wconf 90' lang='lat' dir='ltr'>Sp.</span> <span class='ocrx_word' id='word_1_329' title='bbox 769 2879 903 2933; x_wconf 71' lang='lat'>1214)</span> <span class='ocrx_word' id='word_1_330' title='bbox 922 2879 1033 2922; x_wconf 88' lang='lat' dir='ltr'>foliis</span> <span class='ocrx_word' id='word_1_331' title='bbox 1060 2880 1323 2924; x_wconf 87' lang='lat' dir='ltr'>radicalibus</span> <span class='ocrx_word' id='word_1_332' title='bbox 1345 2880 1503 2924; x_wconf 89' lang='lat' dir='ltr'>subtus</span> <span class='ocrx_word' id='word_1_333' title='bbox 1523 2882 1622 2935; x_wconf 91' lang='lat' dir='ltr'>plus</span> <span class='ocrx_word' id='word_1_334' title='bbox 1639 2882 1787 2924; x_wconf 87' lang='lat' dir='ltr'>minus</span> 
     </span>
     <span class='ocr_line' id='line_1_43' title="bbox 83 2934 1786 2992; baseline 0.004 -17"><span class='ocrx_word' id='word_1_335' title='bbox 83 2934 383 2977; x_wconf 78' lang='lat' dir='ltr'>arachnoideis</span> <span class='ocrx_word' id='word_1_336' title='bbox 408 2936 722 2990; x_wconf 85' lang='lat' dir='ltr'>hysteranthiis</span> <span class='ocrx_word' id='word_1_337' title='bbox 748 2938 1201 2981; x_wconf 89' lang='lat' dir='ltr'>cordato-orbiculatis</span> <span class='ocrx_word' id='word_1_338' title='bbox 1234 2940 1662 2992; x_wconf 83' lang='lat' dir='ltr'>angulato-dentatis‚</span> <span class='ocrx_word' id='word_1_339' title='bbox 1687 2953 1786 2983; x_wconf 89' lang='lat' dir='ltr'>cau-</span> 
     </span>
     <span class='ocr_line' id='line_1_44' title="bbox 87 2990 1721 3048; baseline 0.004 -16"><span class='ocrx_word' id='word_1_340' title='bbox 87 2990 183 3033; x_wconf 90' lang='lat' dir='ltr'>linis</span> <span class='ocrx_word' id='word_1_341' title='bbox 209 2993 595 3046; x_wconf 80' lang='lat' dir='ltr'>squamil&#39;ormibus</span> <span class='ocrx_word' id='word_1_342' title='bbox 622 2996 1081 3048; x_wconf 85' lang='lat' dir='ltr'>oblongo-lanceolatis</span> <span class='ocrx_word' id='word_1_343' title='bbox 1119 3003 1178 3044; x_wconf 65' lang='lat'>26.</span> <span class='ocrx_word' id='word_1_344' title='bbox 1209 2997 1260 3040; x_wconf 88' lang='lat' dir='ltr'>lc.</span> <span class='ocrx_word' id='word_1_345' title='bbox 1290 2998 1350 3040; x_wconf 82' lang='lat' dir='ltr'>Fl.</span> <span class='ocrx_word' id='word_1_346' title='bbox 1376 2999 1484 3041; x_wconf 87' lang='lat' dir='ltr'>Dan.</span> <span class='ocrx_word' id='word_1_347' title='bbox 1508 2999 1593 3041; x_wconf 85' lang='lat' dir='ltr'>tab.</span> <span class='ocrx_word' id='word_1_348' title='bbox 1622 3000 1721 3041; x_wconf 84' lang='lat'>595.</span> 
     </span>
    </p>
   </div>
  </div>
 </body>
</html>
