2066 3296
70 223 311 262 Cichom'um.
804 228 1050 255 composn’AE.
1713 219 1786 254 717

75 303 273 341 Armeniae
292 302 342 338 ad
362 301 548 337 Erzerum
567 300 608 335 in
626 299 814 345 neglectis
833 299 1004 344 (Huetl)‚
1024 299 1148 344 Syriae
1168 298 1339 334 borealis
1360 301 1395 334 et
1413 298 1710 345 Mesopotamia}
1735 299 1784 335 ad

76 351 204 394 Nisib,
223 349 383 393 Aintab‚
404 347 498 383 Orfa
517 347 745 392 (Hausski),
763 346 813 382 ad
833 346 1045 382 Diarbekir
1061 346 1155 392 (ΚΥ.
1178 346 1290 391 133³)-

121 411 366 460 Semipedale
386 413 423 447 et
436 410 585 457 pedale,
599 420 620 445 a
641 408 910 445 Gdivarz'cato
929 408 1080 455 phyllis
1101 408 1517 455 glanduloso-asperis,
1533 409 1704 444 externis
1724 409 1780 445 eis

75 461 193 506 hujus
211 460 338 506 specie
358 457 482 493 multo
500 456 795 502 angustioribus
814 456 884 492 sed
901 457 1027 491 acutis
1046 458 1083 491 et
1101 456 1286 491 interiora
1305 456 1649 502 subaequantibus,
1661 457 1784 493 corol-

74 508 125 543 lis
146 507 332 543 brevibus
354 505 508 551 egregie
528 504 767 539 distinctum.

134 622 172 662 4.
208 620 261 665 C.
289 618 611 668 Noeanum‚
635 629 844 667 annuum,
872 617 993 658 caule
1020 615 1170 669 glabro
1198 616 1387 669 rigidulo
1416 627 1545 670 parce
1569 619 1611 658 et
1635 616 1778 659 dicho-

74 683 190 721 tome
226 689 413 729 ramoso,
450 675 562 717 foliis
599 675 861 718 radicalibus
900 676 942 716 in
981 674 1157 717 lacinias
1189 675 1480 727 triangulares
1516 675 1779 718 runcinatim

73 735 417 792 pinnatipartitis
439 734 635 787 margine
662 738 703 776 et
723 746 838 788 saepe
861 735 914 776 ad
942 737 1102 776 costam
1127 734 1292 775 minute
1310 733 1779 788 calcareo-spinulosis,

75 795 382 850 superioribus
419 806 441 835 a
481 794 574 836 basi
611 792 1026 848 semiamplexicauli
1066 797 1248 845 anguste
1283 792 1539 844 linearibus,
1577 793 1778 847 capitulis

76 855 434 897 dichotomiarum
458 852 720 895 fasciculatis
741 851 970 894 sessilibus
994 852 1129 893 altero
1154 852 1278 905 longe
1298 851 1606 904 pedunculato,
1628 852 1776 894 termi-

74 914 245 956 nalibus
277 913 401 965 longe
427 911 730 965 pedunculatis
761 910 1018 965 pedunculis
1051 910 1225 952 demum
1263 911 1530 963 incrassatis,
1563 911 1779 953 involucri

73 972 234 1026 phyllis
270 971 464 1013 breviter
498 970 748 1012 lanceolatis
782 970 918 1012 acutis
952 968 1113 1021 glabris
1154 973 1317 1011 remote
1358 969 1778 1022 spinuloso-oiliatis

70 1031 268 1073 externis
304 1030 374 1071 vix
406 1028 699 1080 brevioribus,
732 1029 927 1071 flosculis
962 1028 1189 1070 involucro
1217 1028 1289 1069 vix
1322 1027 1453 1081 duplo
1480 1028 1774 1079 brevioribus,

73 1090 206 1144 pappi
223 1089 358 1142 paleis
378 1087 573 1131 breviter
591 1087 1024 1142 lineari-spathulatis
1036 1087 1213 1129 achenio
1231 1086 1462 1141 quintuplo
1486 1086 1779 1139 brevioribus,

73 1149 354 1191 acheniorum
377 1147 636 1189 interiorum
661 1146 906 1188 alternatim
931 1146 974 1188 in
1000 1147 1177 1188 aristam
1203 1146 1379 1188 achenio
1406 1145 1775 1201 subaequilongam

74 1207 301 1261 productis
329 1211 393 1257 Θ.

119 1279 221 1315 Hab.
242 1280 281 1315 in
298 1279 412 1315 cultis
434 1281 471 1315 et
489 1278 682 1314 ruderatis
700 1278 933 1324 Babyloniae
953 1288 1072 1325 prope
1094 1277 1190 1313 Kutt
1209 1277 1258 1313 ad
1280 1277 1431 1323 Tigrim
1457 1278 1557 1322 (Noe
1578 1288 1659 1314 exs.
1682 1278 1776 1323 531).

120 1343 243 1386 Facie,
265 1342 494 1390 phyllorum
518 1341 715 1378 involucri
742 1343 877 1384 forma,
898 1342 1056 1378 corollis
1085 1343 1220 1389 parvis
1247 1341 1284 1378 C.
1310 1342 1547 1390 ylanduloso
1570 1342 1683 1378 affine
1710 1343 1777 1378 sed

67 1389 275 1435 glabrum,
307 1390 567 1436 capitulorum
596 1389 938 1425 dichotomialium
967 1389 1133 1425 alterum
1159 1388 1478 1436 pedunculatum,
1508 1391 1625 1436 pappi
1654 1390 1777 1437 palea?

69 1437 275 1473 interiores
297 1437 337 1472 in
356 1440 459 1473 setas
478 1437 689 1483 productae.
711 1437 884 1472 Ulterius
904 1437 1208 1473 observandum.

142 1560 161 1604 g
178 1558 210 1594 2.
231 1562 629 1601 Aeanthophyton
649 1568 728 1594 nc.
748 1579 792 1584 -
812 1559 993 1605 Capitula
1012 1559 1298 1606 quinquessora,
1315 1560 1413 1595 rami
1429 1560 1704 1606 spinescentes.

133 1659 170 1699 5.
206 1656 260 1700 C,
297 1657 615 1712 spinosum
655 1657 722 1711 (L.
748 1656 820 1711 Sp.
859 1657 992 1711 1149)
1019 1669 1212 1712 perenne
1240 1658 1306 1700 vel
1341 1657 1512 1711 bienne,
1540 1657 1777 1701 rhizomate

71 1715 309 1770 pluricipiti
333 1716 563 1769 cespitoso.
587 1715 785 1758 caulibus
815 1716 939 1758 nanis
964 1717 1123 1758 crassis
1152 1730 1173 1758 a
1202 1717 1292 1758 basi
1321 1717 1562 1759 dichotome
1589 1721 1628 1758 et
1659 1718 1775 1760 diva—

70 1775 238 1817 ricatim
259 1774 568 1817 ramosissimis
583 1775 717 1817 ramis
734 1775 1038 1818 terminalibus
1058 1776 1220 1829 saepius
1248 1789 1333 1818 non
1364 1776 1569 1818 floriferis
1591 1778 1775 1819 accretis

65 1833 420 1887 spinescentibus
449 1833 804 1887 persistentibus,
832 1834 945 1877 foliis
971 1835 1216 1877 carnosulis
1242 1834 1448 1877 rosulatis
1475 1835 1777 1878 sinuato-den-

69 1892 170 1935 tatis
197 1892 262 1934 vel
288 1892 550 1934 runcinatim
582 1893 1013 1946 pinnatifido-lyratis
1038 1894 1273 1946 segmentis
1303 1893 1449 1947 parvis
1478 1894 1648 1935 obtusis
1678 1898 1771 1936 ter-

66 1951 219 1993 minali
238 1951 400 2004 maJ‘ore
422 1954 548 1993 ovato
569 1951 632 1993 vel
659 1951 856 2005 oblongo,
875 1952 1077 2005 capitulis
1100 1954 1143 1994 in
1169 1952 1438 1996 dichotomiis
1459 1953 1774 1995 subsessilibus

71 2009 277 2052 solitariis
314 2010 458 2052 rarius
498 2010 570 2052 2-3
607 2011 872 2064 aggregatis,
915 2010 1220 2054 terminalibus
1258 2012 1409 2067 paucis
1446 2011 1775 2065 pedunculatis‚

68 2068 284 2111 involucri
308 2068 468 2123 phyllis
489 2068 657 2111 obtusis
677 2071 871 2112 externis
886 2069 1081 2111 breviter
1098 2070 1237 2113 ovatis
1257 2070 1571 2113 mucronulatis
1588 2070 1773 2113 internis

67 2127 198 2181 triplo
232 2127 500 2181 longioribus
539 2128 791 2176 linearibus,
828 2129 1023 2171 flosculis
1057 2129 1284 2172 involucro
1321 2129 1454 2184 duplo
1490 2130 1775 2183 longioribus,

68 2198 209 2240 pappo
238 2187 692 2240 setoso-subpaleaceo
721 2187 898 2230 achenio
926 2188 1124 2242 8·10-plo
1152 2188 1355 2231 breviore
1382 2195 1414 2237 5.
1443 2189 1498 2231 Ic.
1536 2188 1595 2230 Fl.
1636 2188 1771 2231 Graec.

66 2244 153 2286 tab.
182 2245 281 2286 823.
312 2269 361 2274 —-
393 2244 527 2287 Rchb.
554 2246 609 2288 Ic.
632 2245 717 2288 tab.
744 2247 782 2288 6.

115 2315 216 2351 Hab.
244 2316 282 2351 in
308 2317 462 2352 saxosis
489 2321 525 2353 et
556 2319 730 2353 arenosis
759 2318 967 2354 maritimis
999 2319 1179 2355 Laconiae
1209 2319 1282 2363 (Fl.
1312 2319 1481 2366 Pomp),
1508 2320 1644 2354 Atticae
1675 2319 1776 2354 inter

70 2361 231 2398 Eleusin
252 2366 288 2399 et
306 2363 507 2409 Megaram
526 2367 564 2400 et
577 2365 625 2400 ad
641 2364 844 2400 Calamaki
863 2376 983 2413 prope
999 2367 1233 2402 Corinthum
1253 2366 1416 2411 (Boissl‚
1432 2366 1608 2413 SprunU,
1624 2366 1674 2401 Ce
1707 2365 1776 2401 ha-

67 2408 192 2492 {fulgffi
207 2409 434 2502 (fflcgilssrgplffi
453 2411 577 2447 Cretae
602 2411 733 2456 (Sibth
749 2441 757 2454 ,
777 2412 914 2448 Heldr!
937 2414 1085 2458 Raull),
1110 2413 1239 2448 Rhodi
1258 2413 1455 2459 (Bourgi),
1479 2413 1600 2459 Cypri
1620 2412 1677 2457 (Si
1709 2412 1775 2457 th„

115 2520 179 2555 Ar.
210 2519 343 2566 Geoqr.
372 2520 514 2556 Insulae
537 2520 732 2566 Baleares,
750 2520 893 2557 Sicilia.

501 2661 747 2709 HYOSERlS
781 2662 845 2723 (L.
874 2663 972 2710 Gen.
1001 2662 1087 2711 916
1114 2676 1159 2711 ex
1189 2664 1337 2725 parte).

128 2797 376 2852 Capitulum
398 2798 698 2843 multiflorum.
722 2801 1064 2856 Receptaculum
1089 2802 1270 2845 nudum.
1294 2802 1573 2845 Involucrum
1600 2803 1770 2855 calycu-

69 2856 198 2898 latam
236 2857 430 2911 squamis
465 2859 644 2912 cal'yculi
684 2861 795 2902 1-vel
840 2860 1140 2913 biserialibus,
1186 2861 1344 2915 phyllis
1387 2862 1492 2903 6-10
1533 2861 1771 2903 fructiferis

69 2914 284 2958 induratis
307 2916 484 2958 achenia
507 2921 688 2960 externa
711 2920 1014 2962 fulcrantibus.
1038 2920 1229 2962 Achenia
1255 2923 1436 2962 externa
1457 2932 1478 2961 a
1506 2920 1635 2962 dorso
1657 2931 1772 2961 corn-

70 2984 218 3026 pressa
257 2974 435 3016 linearia
470 2975 662 3018 breviter
699 2977 819 3031 apice
850 2979 1053 3027 setulosa,
1089 2978 1346 3021 intermedia
1385 2979 1770 3033 compresso-alata
