2066 3296
90 204 353 242 Sem-zonara.
823 211 1071 238 composmAE.
1737 205 1807 242 759

94 285 442 341 pinnatipartitis
481 285 635 327 lacinia
679 285 898 328 terminali
948 285 1224 338 longissima.
1268 287 1468 340 capitulis
1508 289 1805 332 mediocribus

91 344 372 393 abbreviatis,
397 344 615 386 involucri
640 344 694 386 ad
716 344 880 397 apicem
907 345 1156 398 phyllorum
1184 346 1359 388 tloccosi
1384 346 1453 389 vel
1477 348 1653 390 omnino
1673 349 1804 392 lanati

94 402 257 458 phyllis
275 403 391 445 intus
415 402 656 455 puberulis⁷
676 402 871 445 flosculis
894 404 1089 445 externis
1113 404 1339 447 involucro
1364 405 1497 459 duplo
1524 407 1806 459 longioribus,

92 460 550 515 acheniisjunioribus
567 461 730 514 glabris
751 461 880 515 Q).—
899 460 1248 514 Podospermmn
1266 463 1470 506 Cari-ense
1488 464 1630 507 Boiss.
1653 466 1805 519 Diagn.

91 520 187 563 Ser.
218 521 248 571 Ι,
275 522 314 571 4,
342 533 381 574 p.
413 521 480 561 ⁹24.

90 640 119 675 d
143 593 447 685 Hakgfiaddru'pcs
468 593 593 628 Cariae
609 594 817 639 (Pinardl),
835 594 993 628 Pisidiae
1014 594 1061 629 ad
1080 605 1227 640 pagum
1247 595 1533 632 chelticktchi
1552 608 1673 644 prope
1689 597 1806 633 Boul-

122 650 194 677 our
272 651 291 675 e
340 646 408 684 r.).

141 703 457 750 Sesquipedalis,
490 702 586 738 folia
617 703 803 738 radicalia
837 703 993 749 petiolis
1021 703 1113 738 latis
1145 705 1310 740 suffulta
1336 706 1633 751 6-9-pollica1·ia.
1661 707 1807 743 Praeter

93 750 193 785 folia
215 751 446 786 tenuissima
464 754 502 785 et
526 750 693 786 floccosa
714 749 919 786 Involucro
945 751 1178 786 abbreviato
1198 754 1236 786 et
1254 751 1390 798 ligulis
1410 753 1606 799 elongatis
1625 765 1648 789 a
1668 755 1806 790 formis

90 797 135 834 S.
156 797 356 834 laeinz'atoe
374 797 569 832 distincta.

154 922 194 963 4.
229 921 278 964 S.
313 920 592 964 radicosa
615 920 775 975 (Boiss.
805 921 957 974 Diagn.
982 921 1075 964 Ser.
1098 923 1130 972 Ι,
1159 924 1222 969 11,
1251 935 1290 976 p.
1312 923 1389 976 43)
1412 923 1648 966 rhizomate
1675 925 1806 967 verti-

89 979 172 1022 cali
212 980 450 1035 plui-icipiti
489 980 695 1022 indurato
731 981 866 1023 dense
908 982 1388 1036 pulvinato-cespitoso,
1423 982 1533 1024 foliis
1569 983 1651 1024 sub
1689 983 1803 1025 lente

90 1041 256 1082 minute
280 1044 322 1082 et
350 1039 540 1093 crispule
566 1040 900 1082 canescentibus
926 1044 1110 1093 anguste
1132 1040 1371 1083 linearibus
1391 1041 1601 1083 flexuosis
1623 1042 1802 1095 integris

91 1099 159 1140 vel
188 1098 229 1140 in
258 1100 380 1141 lobos
408 1099 610 1140 minimos
636 1101 788 1140 ovatos
815 1099 882 1140 vel
913 1098 1109 1141 breviter
1134 1099 1324 1141 lineares
1352 1100 1621 1153 pinnatitidis
1646 1101 1804 1142 canali-

86 1157 441 1211 culam-plicatis,
472 1157 733 1199 radicalibus
762 1157 1113 1209 confertissimis,
1147 1158 1346 1200 caulibus
1373 1159 1582 1201 tenuibus
1609 1159 1802 1201 flaccidis

92 1215 222 1258 nudis
256 1216 577 1269 monoccphalis
615 1216 714 1258 folia
749 1217 1025 1270 aequantibus
1062 1218 1130 1259 vel
1167 1218 1455 1271 ‘ae-cephalis
1484 1230 1611 1271 parce
1639 1218 1803 1260 foliosis

90 1275 190 1316 folia
218 1276 351 1329 duplo
375 1276 702 1328 superantibus.
731 1275 931 1329 capitulis
955 1276 1104 1329 parvis
1133 1277 1350 1318 obconicis
1382 1277 1646 1330 paucissoris,
1681 1278 1803 1319 invo-

90 1333 201 1376 lucri
238 1335 399 1389 phyllis
435 1334 768 1376 canescentibus
810 1340 994 1388 anguste
1039 1336 1382 1378 membranaceis
1425 1336 1708 1379 acutiusculis
1749 1336 1801 1378 ab

87 1394 286 1435 externis
308 1395 361 1436 ad
384 1394 556 1435 interna
578 1394 790 1447 elongatis
816 1394 1083 1446 laxiusculis‚
1106 1395 1299 1437 flosculis
1320 1394 1448 1438 luteis
1467 1399 1596 1438 extus
1619 1395 1803 1438 rubellis

89 1451 317 1495 involucro
347 1453 476 1495 tertia
501 1456 624 1507 parte
652 1453 937 1506 longioribus,
966 1453 1181 1496 acheniis.
1200 1484 1211 1495 .
1231 1484 1241 1494 .
1282 1460 1339 1501 26.

138 1526 239 1561 Hah.
271 1527 310 1561 in
345 1527 538 1572 glareosis
569 1526 719 1573 alpium
748 1527 1005 1562 Hasartschal
1034 1527 1074 1562 in
1105 1528 1197 1573 jugo
1227 1527 1373 1564 Elbrus
1403 1527 1636 1564 occidentali
1658 1528 1802 1563 Persiae

88 1572 260 1609 borealis
277 1574 405 1609 10000’
420 1574 514 1619 (ΚΥ.
533 1574 650 1617 4921),
671 1574 744 1609 huc
762 1585 921 1621 quoque
936 1574 1098 1620 probab.
1118 1575 1314 1620 specimen
1328 1575 1612 1622 incoinpletum
1628 1586 1647 1610 e
1667 1576 1801 1610 monte

89 1619 278 1656 Elamont
296 1621 437 1665 (Auch.
457 1622 551 1657 4757
564 1624 599 1665 l).

136 1685 248 1721 Folia
271 1686 330 1721 1-1
351 1685 615 1732 'lrpollicaria
631 1686 776 1721 lineam
796 1686 888 1728 lata,
908 1686 1025 1721 facies
1048 1687 1086 1721 et
1103 1686 1274 1732 capitula
1293 1685 1333 1722 S.
1355 1697 1535 1733 pyymeoe
1560 1688 1595 1721 et
1621 1687 1797 1722 affinium

85 1733 340 1826 isleglpibefiffla
357 1733 649 1780 pinnatilobata
664 1733 922 1780 probabiliter
938 1733 977 1767 S.
995 1732 1272 1780 Jacqm'manae
1284 1733 1611 1780 approximanda.
1629 1733 1797 1770 Fructus

29 1958 34 1960 λ
149 1906 186 1946 5.
212 1904 262 1947 S.
287 1904 566 1959 bulbipes
593 1904 756 1959 [Boiss.
780 1908 823 1946 et
847 1904 1059 1958 Haussk.)
1085 1916 1212 1958 parce
1241 1904 1486 1958 pubescens
1512 1904 1685 1947 demum
1711 1905 1798 1959 gla-

88 1963 225 2012 brata,
260 1964 402 2006 radice
433 1964 641 2014 verticali‚
669 1963 778 2006 collo
805 1963 932 2006 valde
965 1968 1208 2018 squamam,
1235 1963 1431 2005 caulibus
1458 1963 1621 2006 foliosis
1649 1976 1798 2006 ascen-

86 2022 293 2066 dentibus
317 2022 589 2076 simplicibus
608 2023 676 2064 vel
701 2036 724 2065 a
746 2023 889 2065 medio
912 2034 1039 2077 parce
1057 2027 1098 2065 et
1117 2024 1265 2065 stricte
1287 2022 1473 2064 ramosis
1498 2023 1796 2076 1-3-cephalis‚

86 2082 200 2124 foliis
228 2082 492 2125 radicalibus
520 2081 925 2135 elliptico-oblongis
953 2082 1270 2124 obtusiusculis
1298 2081 1576 2123 denticulatis
1601 2081 1798 2124 breviter

86 2141 127 2183 in
165 2142 369 2194 petiolum
407 2142 656 2192 attenuatis,
685 2141 869 2183 caulinis
908 2155 931 2183 a
973 2142 1064 2184 basi
1104 2142 1188 2183 late
1227 2140 1796 2193 amplexicauli-auriculata

85 2204 210 2243 acute
246 2200 502 2255 pinnatilida
544 2201 611 2241 vel
652 2200 848 2242 laciniata
887 2200 1083 2253 oblongis
1124 2200 1190 2242 vel
1236 2199 1486 2241 lanceolatis
1524 2199 1797 2249 acuminatis,

87 2260 287 2314 capitulis
313 2259 565 2313 majusculis
591 2260 714 2311 longe
738 2259 1058 2312 pedunculatis,
1080 2258 1291 2301 involucri
1312 2259 1426 2300 ovati
1445 2258 1798 2311 sarinoso-pube—

89 2318 175 2361 ruli
204 2318 377 2360 demum
415 2317 727 2370 glabrescentis
761 2318 921 2372 phyllis
955 2322 1071 2360 arcte
1104 2317 1343 2360 imbricatis
1379 2317 1431 2358 ab
1466 2317 1627 2359 intimis
1656 2322 1798 2358 trans-

89 2389 217 2420 verse
247 2377 471 2420 latioribus
494 2377 683 2420 cordatis
704 2376 898 2419 breviter
921 2377 1104 2419 acutatis
1130 2376 1182 2419 ad
1208 2376 1357 2418 intima
1377 2376 1657 2418 obtusissima
1681 2376 1797 2417 elon-

88 2436 212 2489 gatis,
238 2436 467 2479 flosculise
492 2436 603 2479 sicco
627 2435 800 2478 flavidis
819 2436 1046 2479 involucro
1066 2436 1284 2489 subduplo
1302 2434 1585 2488 longioribus,
1604 2434 1796 2477 antheris

92 2494 322 2545 brunneiS‚
347 2495 538 2537 acheniis
563 2495 709 2549 stipite
735 2507 839 2538 cavo
872 2495 1328 2550 pyrifoi·1ni⁴superne
1356 2493 1531 2546 globose
1558 2494 1796 2536 incrassato

89 2553 282 2597 suffultis
303 2553 510 2596 brevibus
535 2566 688 2608 grosse
712 2554 1078 2597 costato-sulcatis
1102 2553 1283 2595 laevibus
1305 2563 1446 2606 pappo
1469 2552 1647 2594 sordido
1670 2563 1798 2605 supe·

88 2612 195 2655 ratis
229 2619 290 2659 ¹36.

137 2684 239 2720 Hab.
260 2687 299 2721 in
318 2687 541 2733 subalpinis
561 2686 830 2722 Kurdistaniae
850 2687 1015 2723 Persicae
1039 2686 1080 2721 in
1106 2688 1238 2721 monte
1265 2685 1331 2721 Pir
1355 2684 1476 2720 Omar
1497 2684 1662 2720 Gudrun
1691 2684 1796 2720 4000'

86 2731 308 2775 (Hausskh
333 2736 370 2768 et
390 2744 510 2780 prope
530 2733 704 2770 Mendeli
723 2735 824 2778 (Noe
843 2744 924 2769 exs.
944 2745 981 2780 p.
1005 2732 1149 2777 11700.
1173 2733 1259 2767 Huc
1284 2733 1401 2768 etiam
1431 2732 1553 2767 refero
1581 2732 1797 2813 specimina

88 2778 260 2814 florifera
279 2790 297 2814 e
317 2780 482 2816 desertis
497 2781 673 2826 Assyriae
691 2791 813 2828 prope
830 2781 908 2817 Ras
928 2781 961 2816 el
984 2781 1060 2816 Ain
1080 2782 1115 2815 et
1136 2779 1427 2815 Kotschhassar
1443 2779 1594 2819 (Hauss
1612 2790 1620 2795 ·
1634 2781 1674 2823 l).

135 2842 295 2879 Pedalis
313 2846 350 2878 et
368 2843 518 2887 elatior,
531 2843 626 2879 folia
641 2844 828 2880 inferiora
848 2845 912 2880 4-.5
930 2843 1092 2890 pollices
1111 2843 1231 2888 longa
1249 2843 1272 2878 2
1288 2842 1381 2884 lata,
1399 2841 1571 2889 capitula
1591 2845 1625 2876 et
1641 2841 1797 2877 involu-

85 2897 197 2925 crum
234 2889 272 2926 S.
305 2889 548 2927 Lz'banocae'coe
576 2894 613 2926 et
641 2891 771 2928 incisre
795 2891 863 2926 sed
895 2891 1012 2938 paulo
1045 2891 1240 2926 breviora.
1272 2889 1428 2936 Species
1465 2889 1633 2933 insignis
1669 2889 1799 2935 stipite

87 2935 246 2972 achenii
259 2938 527 2984 pyt-iformiter
543 2938 679 2974 inflato
699 2939 863 2974 achenio
880 2939 964 2984 ipso
983 2948 1062 2973 non
1081 2937 1251 2973 multum
1272 2937 1462 2977 breviore,
1482 2936 1552 2971 hac
1569 2939 1661 2972 nota
1672 2935 1798 2972 Podo-

85 2985 255 3029 spermz's
272 2985 534 3021 adnumerata
554 2985 623 3021 sed
639 2986 824 3021 omnibus
840 2986 929 3021 aliis
948 2986 1052 3020 notis
1072 2985 1109 3021 S.
1132 2985 1263 3020 z'nce'sae
1281 2987 1384 3018 arcte
1404 2983 1550 3018 affinis.
