2071 3241
82 220 402 260 Chamoemelum.
804 225 1052 252 comosrrffl.
1710 212 1784 248 327

130 301 232 338 Hab.
254 301 294 336 in
313 298 495 335 feucibus
514 299 552 334 et
571 297 736 333 desertis
754 295 954 341 argillosis
976 294 1247 330 Turkestaniae
1271 304 1391 341 prope
1412 295 1576 340 Agatme
1602 295 1640 329 et
1659 293 1780 328 Kara-

82 352 176 396 gata
193 350 230 385 et
247 348 289 383 in
310 347 477 393 rupibus
493 345 694 391 graniticis
712 344 763 379 ad
784 343 925 378 Bakali
942 343 1128 387 (Lehml).
1153 342 1198 377 Fl
1230 343 1321 388 Apr.

129 411 269 447 Planta
298 409 466 457 (junior)
498 407 791 455 3-5-pollicaris,
822 406 916 442 folia
940 407 1090 452 majora
1113 406 1178 442 6-9
1201 404 1267 440 lin⁴
1295 406 1424 451 longa,
1444 405 1616 451 capitula
1633 405 1714 440 illis
1737 404 1778 441 C.

81 458 269 506 proecocz‘s
289 457 444 493 minora
474 456 593 492 diam.
616 454 766 490 7-81in.
791 454 880 489 lata.
908 454 1082 489 Achenia
1111 453 1323 488 immatura
1349 456 1501 488 tantum
1528 455 1620 488 nota
1641 452 1709 487 sed
1725 451 1781 505 'ob

83 506 256 541 carinam
289 503 509 539 ventralem
544 501 796 538 manifestam
831 499 1093 537 Chamaemelo
1128 500 1439 536 adnumeranda.
1476 500 1603 536 Affine
1638 499 1781 535 habitu

82 551 333 589 Matrz'car·z'ae
351 551 597 596 lasz'ocarpae.

144 666 182 707 3.
215 663 314 708 Ch.
348 662 668 707 inodorum
699 662 769 717 (L.
812 661 885 716 Sp.
918 662 1028 703 1253
1071 661 1152 704 sub
1187 660 1552 715 Chrysantlcemo)
1584 673 1780 702 annuum

82 724 296 778 glabrum,
320 723 517 765 caulibus
544 722 701 765 erectis
725 721 792 765 vel
821 721 994 763 diffusis
1011 719 1209 772 ramosis⁷
1232 720 1346 761 foliis
1371 720 1413 761 in
1442 719 1619 762 lacinias
1637 720 1780 762 tenui-

82 786 151 826 ter
185 783 374 824 lineares
413 781 691 834 divergentes
730 783 878 823 acutas
918 779 1220 822 canaliculatas
1257 779 1618 833 bipinnatiseetis‚
1647 778 1780 820 ramis

82 854 224 894 usque
247 840 377 895 paulo
399 840 511 882 infra
535 840 699 893 apicem
727 839 907 889 foliosis,
932 838 1133 892 capitulis
1162 837 1353 890 radians,
1378 837 1593 880 involucri
1620 837 1780 891 phyllis

83 900 219 953 glabri
228 899 389 942 usculis
406 898 574 941 obtusis
588 899 786 953 margine
803 897 1005 940 scariosis
1022 896 1217 940 externis
1232 895 1480 938 lanceolatis
1493 896 1778 949 longioribus,

81 958 355 1012 receptaculo
393 958 590 1011 elongato
629 958 776 1000 conico
816 957 984 1001 obtuso,
1022 955 1213 998 aclieniis
1253 955 1594 1009 obpyramidatis
1633 966 1780 997 crasse

81 1018 258 1060 rostatis
294 1016 411 1059 inter
445 1019 584 1060 costas
607 1019 650 1059 et
679 1016 808 1059 dorso
839 1026 1030 1058 convexo
1056 1015 1175 1068 apice
1199 1014 1499 1067 biglanduloso
1526 1018 1781 1056 transverse

80 1076 316 1129 rugulosis‚
341 1077 499 1118 corona
521 1075 783 1118 brevissima
811 1073 1125 1128 marginiformi
1158 1077 1222 1123 O.
1247 1072 1317 1115 Cle.
1345 1072 1579 1114 inodoram
1605 1073 1694 1115 Vis.
1714 1072 1776 1114 Fl.

82 1134 221 1177 Dalm.
252 1157 302 1165 —
330 1133 595 1176 Mutricaria
620 1133 809 1175 inodora
835 1132 880 1175 L.
906 1133 969 1175 Fl.
996 1133 1120 1175 Suec.
1143 1131 1197 1183 ΙΙ,
1225 1145 1266 1186 p.
1299 1133 1395 1173 765.
1431 1156 1486 1162 —
1530 1130 1781 1184 Triplcuro·

80 1204 303 1246 spermum
328 1193 566 1235 inodorzcm
591 1192 687 1235 Sch.
711 1192 802 1247 Bip.
828 1192 853 1233 l.
883 1192 950 1233 cit.

127 1266 229 1302 Hab.
242 1267 341 1302 inter
365 1269 514 1313 segetes
540 1268 577 1302 et
597 1266 637 1301 in
655 1266 781 1305 cultis,
800 1265 1031 1301 Macedonia
1051 1264 1171 1308 (Friv.
1194 1273 1242 1299 ex
1261 1264 1414 1299 Griseb.
1434 1264 1563 1311 Spic.)‚
1580 1263 1726 1300 Tauria
1744 1266 1781 1300 et

80 1325 179 1360 prov
206 1314 427 1350 Caucasicae
445 1314 589 1359 (MR),
608 1313 917 1349 Transcaucasia
936 1312 1127 1357 (Ledeb.).

126 1378 187 1413 Δι’.
208 1378 339 1423 Geoqr.
366 1377 523 1423 Europa
539 1377 707 1413 borealis
727 1379 764 1413 01
781 1377 912 1412 media
929 1387 951 1412 a
967 1376 1230 1412 scandinavia
1248 1377 1284 1412 et
1300 1375 1440 1411 Rossia
1454 1375 1503 1412 ad
1520 1375 1779 1420 Lusitaniam,

83 1424 320 1471 Hispaniam
340 1427 378 1460 et
392 1425 547 1460 Italiam
565 1424 754 1460 boreales.

619 1541 661 1582 4-
714 1541 755 1582 -Ι-
809 1537 993 1584 Capitula
1022 1537 1236 1572 discoidea.

137 1637 176 1677 4.
211 1635 309 1680 Ch.
343 1635 746 1679 auriculatum
781 1635 941 1686 (Boiss.
966 1636 1117 1690 Diagn.
1142 1635 1238 1678 Ser.
1264 1637 1297 1686 Ι,
1323 1638 1390 1684 11,
1412 1651 1453 1691 p.
1480 1637 1555 1690 23)
1583 1649 1778 1679 annuum

78 1695 436 1748 glabriusculum,
455 1696 652 1738 caulibus
672 1695 853 1750 pumilis
878 1696 1198 1750 nionoceplialis
1226 1696 1395 1738 inferne
1424 1699 1590 1738 tantum
1614 1697 1776 1738 foliosis

78 1753 122 1795 in
153 1754 426 1808 pedunculos
455 1755 738 1808 scapiforincs
779 1754 1056 1801 abeuntibus,
1091 1755 1201 1796 soliis
1239 1754 1478 1797 linearibus
1518 1756 1561 1796 in
1601 1755 1778 1797 lacinias

77 1811 236 1854 breves
264 1813 450 1855 lineares
481 1813 672 1867 integras
699 1815 763 1856 vel
792 1814 1083 1868 pinnatilobas
1120 1813 1431 1867 pinnatisectis,
1464 1814 1653 1868 capitulo
1691 1814 1779 1856 dis-

78 1871 238 1923 coideo,
280 1871 498 1929 involucri
535 1873 674 1926 glabri
718 1872 879 1926 phyllis
921 1872 1265 1925 ovalo-oblongIS
1310 1873 1392 1914 lale
1435 1873 1774 1924 albo-sca1·iosis‚

77 1930 349 1983 receptaculo
376 1931 516 1982 ovato’,
538 1931 728 1973 arlieniis
745 1932 895 1986 parvis
913 1931 1191 1973 subincurvis
1218 1931 1347 1972 dorso
1366 1932 1570 1973 convexis
1595 1932 1776 1974 lzevibus

81 1990 124 2030 et
141 1989 259 2042 apice
276 1989 589 2041 biglandulosis
607 1994 763 2033 ventre
779 2003 923 2032 crasse
939 1990 1114 2032 rostatis
1129 1993 1168 2032 et
1185 1989 1398 2046 profunde
1417 1990 1604 2041 sulcatis,
1620 1991 1779 2032 corona

78 2046 299 2090 dimidiata
334 2048 668 2090 auriculael'ormi
699 2049 884 2102 oblonga
912 2049 1083 2103 hyalina
1113 2049 1291 2091 achenio
1316 2048 1558 2102 aequilonga
1586 2050 1655 2091 vel
1684 2050 1775 2092 lon-

76 2105 192 2158 giore
220 2110 284 2156 O.
314 2106 583 2159 Pyretle-rum
603 2106 905 2149 [utriculanum
932 2108 1070 2151 Boiss.
1095 2120 1184 2150 exs.

124 2177 223 2213 Hah.
241 2179 280 2213 in
300 2179 473 2214 arenosis
495 2179 649 2215 Arabiae
669 2180 813 2215 Petreae
833 2181 1075 2216 Palestinam
1095 2192 1234 2216 versus
1253 2180 1403 2225 (Boissl
1422 2180 1525 2216 Roth
1545 2180 1662 2226 1261),
1677 2181 1777 2217 inter

77 2223 396 2270 Hierosolymam
412 2229 450 2261 et
467 2226 622 2263 Jericlio
644 2227 793 2271 (Boissl
813 2228 885 2273 Ky.
903 2229 1020 2273 4901).
1042 2229 1097 2263 Fl.
1118 2228 1228 2263 Mart.
1248 2229 1339 2274 Apr.

122 2286 257 2323 Facies
287 2288 443 2333 Comme,
472 2289 604 2325 caules
633 2289 938 2337 4·7—pollicarcs;
975 2291 1103 2326 simile
1128 2291 1227 2327 Μαι.
1255 2290 1486 2336 δοηρανίεω
1516 2290 1596 2336 Bge
1617 2306 1660 2323 z:
1679 2290 1774 2337 Pyr.

78 2333 270 2371 dz’seoz'deo
296 2335 437 2371 Ledeb.
464 2336 513 2372 Ic.
535 2338 560 2371 t.
596 2336 666 2372 153
684 2339 859 2382 generice
894 2339 1056 2374 achenio
1087 2338 1367 2373 unilateraliter
1396 2338 1720 2384 quinquecoslato
1739 2338 1778 2373 et

75 2382 251 2426 specifice
269 2385 411 2418 corona
427 2393 505 2419 non
529 2383 735 2419 dimidiata
753 2384 923 2421 diverso.

501 2506 521 2523 ¹*
547 2506 566 2524 ¹*
592 2507 768 2543 Biennia.
788 2508 939 2543 Plantae
959 2508 1072 2544 elatae
1089 2509 1347 2555 corymbosae.

440 2588 482 2630 -Ι-
534 2586 717 2633 Capitula
740 2587 937 2623 discoidea
954 2588 1210 2634 vel-obsolete
1230 2589 1409 2634 ligulata.

136 2682 175 2722 5.
210 2679 307 2724 Ch.
345 2680 688 2727 disciforme
720 2683 841 2738 (CA.
867 2684 975 2737 Mey.
1012 2685 1104 2726 lnd.
1140 2685 1267 2728 Cauc.
1301 2698 1341 2739 p.
1368 2687 1419 2727 75
1444 2685 1526 2727 sub
1553 2684 1775 2739 Chrysam-

79 2737 239 2793 themo)
280 2740 437 2783 bienne
476 2741 691 2794 glabrum,
729 2743 849 2785 caule
890 2747 1033 2785 erecto
1072 2743 1410 2787 sulcato-striato
1461 2745 1612 2787 solioso
1656 2745 1776 2797 apice

79 2799 344 2850 corymboso,
356 2800 613 2853 pedunculis
628 2801 838 2853 elongatis
854 2803 1472 2856 nudiusculismonoceplialis‚
1484 2804 1597 2846 foliis
1608 2804 1772 2846 ambitu

79 2854 271 2910 oblongis
305 2859 511 2913 utrinque
546 2859 591 2900 in
627 2865 848 2913 segmenta
883 2862 956 2901 5-7
988 2862 1296 2904 remotiuscula
1331 2861 1479 2904 brevia
1515 2863 1559 2904 in
1596 2862 1773 2905 lacinias

79 2915 355 2958 tenuissimas
393 2922 667 2960 mueronatas
696 2920 831 2961 semel
859 2918 925 2960 vel
949 2919 1012 2961 bis
1034 2924 1150 2962 secla
1170 2920 1484 2974 pinnatisectis‚
1510 2921 1772 2963 radicalibus

79 2972 293 3025 petiolatis
320 2976 501 3019 caulinis
528 2977 756 3019 sessilibus
784 2977 1089 3032 superioribus
1117 2979 1241 3021 valde
1264 2978 1544 3032 abbreviatis,
1570 2978 1775 3033 capitulis
