2090 3291
255 233 326 268 476
988 236 1233 262 composrrAE.
1758 228 1958 265 Cous-inice.

319 314 385 355 38.
422 311 478 354 C.
514 309 761 354 Olivieri
793 309 894 362 (nc.
920 308 1075 351 Prodr.
1100 307 1175 358 VI,
1201 322 1243 363 p.
1271 308 1376 362 55⁰2)
1403 308 1626 363 perennis.
1649 309 1846 352 caulibus
1871 311 1943 364 plu

259 372 381 414 ribus
425 369 703 412 albo-lanatis
739 369 827 422 Jam
873 368 985 409 infra
1029 367 1221 410 medium
1263 366 1497 421 subpatule
1541 368 1725 410 ramosis
1769 369 1965 423 undique

257 429 438 480 foliosis,
462 428 576 471 foliis
604 439 739 482 supra
767 427 862 468 laxe
889 425 1190 468 arachnoideis
1224 426 1383 468 subtus
1413 425 1547 468 dense
1575 426 1694 468 canis
1728 427 1967 480 segmentis

258 486 599 540 triangularibus
633 486 675 527 in
710 485 859 539 spinas
896 488 1053 527 tenues
1082 485 1359 527 rufescentes
1394 484 1657 528 abeuntibus
1683 485 1968 529 inferioribus

257 550 438 600 anguste
464 545 715 588 lanceolatis
741 544 1042 598 pinnatisectis
1066 544 1303 597 segmentis
1329 543 1510 590 dissitis,
1531 543 1715 587 caulinis
1739 543 1966 587 latioribus

257 604 603 660 pinnatipartitis
622 603 691 646 vel
715 602 868 645 lobatis
893 605 934 644 in
961 603 1224 657 appendices
1247 602 1598 656 pinnatipartitas
1622 604 1824 657 spinosas
1844 604 1968 657 longe

258 664 609 713 decurrentibus,
647 661 851 716 capitulis
884 661 1204 704 subsessilibus
1238 660 1532 703 subsolitariis
1568 661 1753 704 bracteis
1781 662 1843 704 eis
1869 663 1967 705 bre·

259 722 454 764 vioribus
473 721 666 764 suffultis
690 720 830 762 ovatis
855 719 936 763 sub
961 720 1178 769 {to-floris,
1203 720 1415 762 involucri
1437 720 1593 774 phyllis
1617 722 1781 763 90-100
1799 721 1970 763 inferne

257 782 359 824 villo
383 781 591 823 connexis
617 791 808 833 superne
832 779 994 833 glabris
1020 780 1143 832 longe
1169 779 1634 821 subulam—attenuatis
1660 779 1789 823 fulvis
1812 781 1969 823 erectis

256 838 688 892 erecto-patentibus,
717 838 969 892 penultimis
1004 838 1153 880 intima
1179 838 1505 880 membranacea
1532 842 1575 880 et
1596 839 1802 882 flosculos
1830 839 1969 882 flavos

257 898 672 952 subsuperanlihus,
699 897 891 939 aelieniis
924 897 1275 950 subcompressis
1296 897 1490 945 xcostatis
1525 898 1719 940 obsolete
1748 898 1970 951 rugulosis

255 958 470 1001 truncatis
495 956 770 999 subdentatis
806 962 867 1004 ¹36.
901 955 942 998 C.
960 955 1320 1009 pyrrhocephala
1346 956 1471 998 Jaub.
1495 960 1539 998 et
1563 956 1634 1010 Sp.
1664 956 1726 999 ΙΙΙ.
1753 956 1825 999 tab
1870 957 1967 999 167.

302 1031 401 1065 Hah.
421 1030 461 1065 in
480 1029 637 1065 Oriente
659 1028 955 1074 [I’ersia?)·loco
975 1039 1053 1064 non
1072 1031 1209 1065 notato
1229 1028 1349 1073 (Oliv.
1372 1033 1411 1064 et
1430 1029 1585 1075 Brugl).

301 1093 549 1140 Subpedali8‚
569 1092 742 1139 capitula
761 1102 973 1128 numerosa
989 1093 1152 1138 magnit.
1172 1092 1274 1128 inter
1292 1092 1521 1128 avellanam
1541 1095 1578 1129 et
1599 1104 1739 1129 nucem
1760 1093 1902 1129 media.

316 1208 382 1249 39.
419 1207 472 1251 C.
507 1204 824 1249 cirsioides
851 1205 1012 1261 (Boiss.
1031 1209 1073 1248 et
1090 1206 1178 1248 Bal.
1202 1206 1351 1257 Diagn.
1373 1205 1467 1248 Ser.
1491 1206 1542 1257 ΙΙ,
1561 1208 1601 1259 6,
1622 1220 1661 1261 p.
1691 1205 1788 1261 117)
1812 1218 1970 1259 peren-

256 1268 339 1320 nis,
372 1266 570 1309 caulibus
608 1265 762 1307 lanatis
796 1265 991 1308 breviter
1018 1268 1061 1307 et
1096 1265 1355 1318 corymbosc
1390 1266 1590 1317 ramosis,
1624 1266 1738 1308 foliis
1774 1276 1968 1319 superne

254 1327 380 1368 hirtis
412 1326 570 1368 subtus
598 1323 717 1365 canis
743 1325 786 1366 in
817 1328 1041 1377 segmenta
1069 1327 1254 1377 anguste
1283 1324 1696 1367 lineari-lanceolata
1731 1324 1968 1367 subt'alcata

256 1386 677 1438 spinoso-attenuata
712 1383 1016 1438 pinnatisectis
1052 1383 1227 1425 rachide
1265 1386 1463 1436 angusta,
1489 1384 1672 1426 caulinis
1701 1383 1969 1426 lineari-lan·

256 1444 432 1486 ceolatis
471 1446 654 1496 auguste
692 1446 734 1484 et
769 1442 963 1485 breviter
999 1443 1349 1488 decurrentibus,
1380 1443 1602 1496 supremis
1631 1443 1818 1497 capitula
1854 1453 1968 1496 saepe

255 1503 553 1558 aeufflantibus,
601 1501 802 1554 capitulis
848 1501 988 1544 ovatis
1037 1501 1320 1544 25-30-ss0ris
1367 1502 1704 1554 subsessilibus‚
1752 1501 1967 1544 involucri

256 1561 416 1617 pnyllis
452 1562 585 1603 70-80
614 1561 784 1602 inferne
818 1561 919 1603 villo
946 1559 1234 1603 arachnoideo
1268 1561 1476 1603 connexis
1508 1573 1701 1615 superne
1735 1561 1967 1603 denudatis

256 1621 447 1664 tenuiter
473 1620 933 1674 subulam-triquetris
958 1620 1286 1673 creec-patulis
1323 1620 1574 1674 penultimis
1602 1632 1807 1675 suprema
1832 1633 1967 1662 mem-

258 1681 469 1722 branacea
507 1679 800 1732 flosculosque
839 1679 980 1722 luteos
1021 1679 1437 1733 subsuperantibus‚
1486 1679 1678 1722 acheniis
1717 1679 1837 1733 apice
1865 1678 1969 1721 sub-

255 1739 472 1781 edentulis
503 1745 563 1785 26.

301 1812 403 1846 Hab.
428 1812 466 1847 in
488 1811 740 1858 Cappadocia
757 1821 877 1858 prope
897 1811 1108 1857 Bereketly
1126 1811 1231 1848 4500*
1251 1812 1341 1855 (Bal
1355 1814 1391 1857 1).

300 1876 439 1911 Planta
455 1875 774 1922 9-10-pollicaris,
791 1875 885 1911 folia
903 1875 1013 1911 infer.
1033 1875 1324 1922 4-5-pollicaria
1344 1876 1525 1923 pollicem
1543 1875 1632 1914 lata.
1647 1887 1688 1911 ca
1722 1875 1819 1911 itula
1834 1884 1967 1920 magn.

253 1924 375 1959 nucis.
396 1923 516 1959 Valde
537 1923 666 1958 affinis
687 1922 725 1958 C.
743 1921 905 1959 Olivieri
929 1934 952 1958 a
971 1926 1049 1969 qua
1066 1923 1196 1958 differt
1220 1923 1324 1959 foliis
1351 1924 1470 1959 etiam
1501 1887 1771 1970 superioribus
1796 1922 1967 1970 pinnati-

253 1971 366 2006 sectis
386 1970 542 2006 rachide
560 1973 729 2015 angusta
748 1971 911 2016 integra,
929 1970 1112 2017 capitulis
1131 1972 1244 2006 tertia
1262 1973 1374 2017 parte
1392 1970 1619 2015 maioribus

312 2087 381 2128 40.
417 2086 472 2130 C.
508 2084 709 2141 lepida
742 2085 852 2140 (Bge
893 2084 1018 2128 Cous.
1058 2100 1098 2140 p.
1136 2087 1190 2128 026
1224 2087 1267 2128 in
1303 2090 1401 2129 nota
1430 2087 1480 2128 ad
1521 2086 1560 2128 C.
1598 2084 1965 2140 heterophyllam)

254 2146 459 2199 perennis
483 2144 822 2200 adpressissime
847 2145 1203 2188 albo-canescens
1230 2146 1457 2199 cespitosa.
1477 2145 1673 2188 caulibus
1692 2145 1818 2186 nanis
1843 2144 1963 2199 apice

252 2208 472 2247 contracte
500 2205 772 2259 corymbosis
793 2204 1114 2258 oligocephalis‚
1143 2205 1252 2248 foliis
1275 2206 1480 2248 coriaceis
1509 2204 1703 2257 margine
1734 2204 1963 2246 undulato-

251 2264 435 2307 sinuatis
472 2263 826 2307 lobato-dentatis
853 2264 1048 2306 breviter
1080 2264 1284 2318 spinosis,
1311 2263 1572 2307 radicalibus
1603 2266 1646 2305 et
1679 2262 1964 2305 inferioribus

253 2323 461 2366 brevibus
490 2324 628 2365 ovatis
651 2324 695 2364 in
722 2323 930 2377 petiolum
957 2322 1137 2366 brevem
1162 2324 1410 2376 attenuatis,
1435 2322 1618 2365 caulinis
1641 2321 1837 2375 oblongis
1863 2320 1964 2364 bre-

252 2382 366 2425 viter
391 2382 745 2431 decurrentibus,
775 2382 1001 2425 floralibus
1027 2382 1277 2425 lanceolatis
1310 2383 1506 2430 minutis,
1536 2382 1739 2436 capitulis
1767 2381 1962 2424 breviter

252 2441 556 2494 pedunculatis
591 2454 613 2483 e
639 2441 753 2483 foliis
788 2442 1011 2496 supremis
1047 2442 1117 2482 vix
1150 2442 1336 2484 exsertis
1369 2440 1828 2494 oblongo-cylindricis
1866 2441 1960 2481 4-8-

250 2499 387 2550 floris,
415 2501 630 2543 involucri
664 2500 825 2556 phyllis
860 2502 993 2542 25-30
1028 2501 1383 2543 araneoso-canis
1420 2499 1658 2543 imbricatis
1695 2500 1735 2540 in
1765 2498 1964 2553 spinulas

250 2558 476 2601 subulatas
510 2558 885 2614 purpurascentes
910 2559 1236 2614 glabrescentes
1272 2563 1413 2602 rectas
1451 2559 1684 2612 adpressas
1711 2558 1962 2610 attenuatis,

249 2617 444 2661 flosculis
468 2619 719 2673 purpureis,
746 2619 998 2662 acheniis....
1036 2626 1095 2667 26.

294 2691 397 2727 Hab.
418 2692 458 2727 in
478 2693 623 2728 Persiae
642 2703 756 2740 prov.
778 2693 1006 2729 Khorassan
1025 2693 1127 2729 inter
1143 2693 1255 2729 Mehr
1275 2696 1312 2729 et
1329 2693 1468 2728 Riwed
1483 2692 1627 2738 (Bgel).

307 2766 352 2819 β.
391 2765 540 2809 ἰαῑυὶην
567 2768 668 2822 Bge.
703 2793 755 2799 --
796 2767 1040 2823 Corymbus
1083 2768 1228 2811 miuus
1266 2771 1528 2821 contractus,
1565 2767 1753 2822 capitula
1788 2766 1961 2819 longius

246 2824 537 2879 pedunculata
567 2827 681 2870 foliis
703 2827 888 2870 summis
908 2826 1002 2870 basi
1030 2840 1116 2870 non
1142 2830 1268 2870 tecta.

294 2900 399 2935 Hab.
421 2911 541 2948 prope
563 2901 702 2938 Riwed
721 2902 865 2948 (Egel).

294 2964 436 3000 Planta
455 2965 495 3000 in
524 2968 621 3014 typo
644 2967 708 3003 3-4
727 2966 940 3014 pollicaris,
970 2966 1010 3001 in
1042 2967 1229 3002 varietate
1259 2966 1345 3001 6-7-
1377 2965 1561 3007 ocharis,
1596 2963 1774 3011 pulchra,
1793 2963 1957 3013 cespites

247 3022 365 3048 canos
385 3012 570 3058 capitulis
589 3014 797 3061 purpureis
816 3016 1023 3060 superatos
1042 3013 1266 3057 efformare,
1282 3024 1305 3048 a
1321 2977 1373 3050 Cp
1383 3008 1654 3059 laeter-ophylld
1676 3010 1740 3046 cui
1758 3009 1804 3045 cl.
1823 3012 1959 3046 auctor
