2066 3296
127 254 203 290 Cen
212 258 363 290 tam-ea.
857 262 1104 289 COMPOSITAE.
1759 257 1831 293 669

125 335 361 389 appendice
388 334 630 376 breviorem
657 336 925 376 attenuatam
952 338 1137 376 erectam
1166 334 1440 379 abeuntibus.
1470 337 1631 378 intimis
1658 339 1832 380 lineari-

128 395 208 436 bus
232 394 350 446 apice
373 392 589 446 scariosis‚
613 393 806 434 flosculis
832 394 1002 435 intense
1028 395 1265 448 purpureis
1292 407 1374 435 non
1403 395 1684 446 radiantibus,
1709 398 1833 438 aclie‘

125 453 211 494 niis
231 452 408 506 glabris,
422 452 551 506 pappi
568 451 830 493 rufescentis
846 452 958 493 serie
976 452 1212 506 penultima
1231 453 1406 494 aclienio
1421 455 1832 509 sesquilongiore&

127 511 191 552 vel
229 517 285 558 36.

174 584 272 618 Hal»⁴
291 584 328 618 in
346 584 503 627 regione
520 582 710 628 sylvatica
726 583 870 619 montis
888 583 1011 618 Cassii
1028 584 1150 628 Syriae
1168 583 1336 619 borealis
1352 585 1389 619 in
1407 585 1470 619 via
1487 586 1586 620 inter
1601 585 1831 622 Laodiceam

126 632 163 666 et.
181 631 351 666 Suadieh
372 630 550 674 (Boissl).
570 628 626 664 Fl.
647 630 734 664 Jun.

175 693 283 728 Folia
306 692 496 728 radicalia
517 692 580 724 6-8
601 692 761 738 pollices
782 692 903 738 longa
920 692 983 728 6-7
1003 693 1080 728 lata
1101 693 1245 739 petiolo
1265 694 1459 729 interdum
1486 695 1628 740 pedali,
1646 697 1829 731 auriculas

127 740 238 775 limbi
259 740 424 778 obtusae,
447 741 487 774 in
514 739 617 774 foliis
637 739 878 774 intermediis
898 740 1158 786 divergentes,
1176 741 1298 775 caulis
1327 742 1570 787 Q-fi-pedalis,
1587 743 1756 788 capitula
1777 746 1831 779 eis

128 787 163 822 C.
186 787 381 824 &rabiosae
404 787 563 832 majora,
577 786 773 832 appendix
793 786 1022 832 phyllorum
1044 788 1362 823 intermediorum
1381 799 1468 823 cum
1493 790 1606 834 spinal
1626 791 1686 824 ‹;-7
1706 790 1830 826 lineas

126 834 243 879 longa
263 835 346 869 basi
366 834 430 869 4-5
449 834 539 868 lata.
560 834 810 869 Pedunculus
831 834 1027 869 interdum
1051 838 1215 880 squama
1235 835 1417 870 subulam
1439 837 1659 870 instructus.
1676 837 1830 883 Species

125 881 248 916 formu
272 881 454 916 soliorum
474 882 510 916 et
527 880 709 926 capitulis
729 880 878 916 dissitis
897 882 1074 927 insignisv

192 1016 284 1056 1⁶21.
321 1015 374 1057 C.
415 1013 734 1057 Cataonica
768 1013 926 1068 (Boiss.
966 1018 1006 1056 et
1046 1015 1217 1057 Haussk
1243 1016 1258 1069 j)
1293 1016 1413 1056 caule
1453 1015 1563 1056 elato
1602 1027 1832 1058 araneoso—

126 1074 413 1128 glaln·esc.>nti
444 1083 662 1115 racemose
696 1076 737 1115 et
771 1074 1094 1116 remotiuscule.
1119 1073 1409 1128 4—7-cepbalo‚
1439 1074 1551 1115 foliis
1580 1074 1718 1115 lirinis
1746 1074 1831 1116 ele-

127 1133 258 1176 vatim
296 1131 724 1174 reticulato-venosis
761 1132 1162 1187 papilloso-asperis
1195 1133 1357 1174 intiinis
1391 1133 1585 1174 breviter
1617 1133 1832 1186 petiolalis

128 1190 632 1245 lyrato-pinnatipartitis
653 1189 818 1232 laciniis
838 1191 1091 1233 lateralibus
1113 1192 1316 1245 utrinque
1338 1192 1409 1232 1-02
1433 1191 1627 1243 oblongis
1654 1192 1832 1234 minutis

126 1250 342 1293 terminali
378 1251 531 1302 inagna
568 1251 691 1291 ovata
720 1250 783 1290 vel
819 1249 1013 1302 oblitinga.
1049 1250 1160 1292 foliis
1197 1250 1378 1292 caulinis
1408 1250 1632 1292 diminutis
1670 1250 1833 1292 strictis

127 1308 583 1361 oblongo-lanceolatis
603 1307 739 1350 acutis
758 1308 940 1361 integris
965 1308 1055 1351 basi
1080 1309 1430 1361 decurrentibus,
1450 1309 1649 1362 capitulis
1669 1309 1833 1361 magnis

127 1367 317 1421 globosis
344 1366 601 1421 pedunculis
628 1367 690 1408 eis
716 1367 973 1421 aequilongis
1002 1368 1066 1409 vel
1090 1367 1368 1410 brevioribus
1390 1367 1596 1418 suffultis,
1620 1368 1833 1409 involucri

127 1427 287 1481 phyllis
322 1426 527 1469 coriaceis
560 1425 718 1479 pallide
752 1426 1112 1479 fuscescentibUS,
1146 1426 1383 1480 appendice
1408 1427 1666 1479 triangulari
1690 1429 1832 1468 erecta

129 1486 252 1538 longe
268 1489 311 1527 et
330 1484 487 1538 pallide
508 1484 886 1538 pectinato-ciliatzi
906 1485 1159 1527 inferiorum
1177 1485 1343 1527 minute
1362 1485 1537 1539 spinosa
1555 1486 1832 1539 superiorum

129 1545 170 1585 in
200 1545 368 1597 spinam
398 1546 658 1596 pungentem
687 1543 910 1597 appendici
938 1544 1222 1598 aequilongam
1250 1546 1483 1586 attenuata.
1506 1544 1699 1586 flosculis
1721 1547 1834 1586 atro-

130 1602 379 1656 purpureis‚
407 1602 619 1644 aclieniis.
641 1633 678 1642 ..
713 1602 780 1656 Θ.

176 1676 276 1711 Hab.
299 1676 338 1710 in
361 1675 490 1710 Tauro
509 1675 720 1710 Cataonico
739 1685 859 1721 prope
879 1675 1058 1711 Marascb
1078 1675 1273 1715 (Hausskl
1294 1676 1368 1710 sub
1387 1674 1423 1710 C.
1440 1672 1658 1721 ‚qiyantec‘il
1677 1675 1733 1710 Fi.
1753 1675 1828 1710 Jul.

176 1740 317 1775 Planta
345 1738 591 1785 aza-pedalis,
621 1739 768 1785 species
800 1739 1088 1775 inflorescentizi
1117 1742 1149 1774 et
1181 1739 1354 1774 flosculis
1381 1739 1674 1785 atropurpureis
1704 1739 1832 1774 affinis

131 1786 161 1823 C
195 1786 375 1832 arzfolz'ae,
394 1787 444 1821 ab
474 1789 519 1821 ea
540 1786 721 1821 distincta
749 1785 932 1821 foliorum
963 1787 1098 1830 forma,
1118 1786 1283 1821 caulinis
1302 1785 1610 1831 decurrentibus,
1639 1786 1833 1821 involucri

130 1833 415 1880 appendicibus
435 1834 565 1868 minus
585 1833 674 1868 latis
693 1834 876 1868 coriaceis
896 1835 934 1868 in
954 1834 1042 1869 cilia
1062 1832 1241 1878 longiora
1260 1835 1296 1868 et
1314 1833 1447 1879 spinas
1462 1832 1674 1868 validiores
1691 1833 1835 1868 abeun-

129 1882 246 1915 t³bus
278 1880 317 1916 C.
346 1881 536 1926 ρῆτμιητθα
568 1879 671 1914 foliis
700 1881 875 1926 integris,
903 1881 1185 1927 appendicibus
1217 1880 1380 1918 reflexis,
1411 1879 1583 1915 flosculis
1611 1880 1725 1915 luteis
1757 1880 1834 1915 dis-

126 1930 271 1975 crepat,

197 2060 288 2100 122.
327 2059 378 2102 C.
416 2058 648 2114 spicata
682 2058 840 2113 (Boiss.
881 2058 1034 2112 Diagn.
1076 2058 1169 2102 Ser.
1210 2059 1239 2109 Ι,
1285 2061 1349 2104 10,
1390 2073 1428 2113 p.
1471 2060 1573 2103 113)
1609 2059 1836 2113 papilloso-

130 2119 334 2171 asperula
359 2118 521 2170 virens,
545 2119 665 2160 caule
689 2118 800 2159 elato
825 2117 1010 2171 simplici
1033 2117 1143 2159 alato
1169 2130 1359 2172 superne
1384 2130 1601 2160 racemose
1626 2119 1774 2160 stricte
1796 2124 1837 2160 et

132 2181 295 2219 remote
320 2176 609 2230 lie-cephalo,
628 2177 738 2219 soliis
764 2177 901 2219 firmis
926 2176 1187 2219 radicalibus
1205 2181 1245 2219 et
1264 2177 1543 2220 inferioribus
1562 2176 1711 2231 lyratis
1739 2178 1835 2219 laci-

130 2237 214 2278 niis
239 2234 490 2278 lateralibus
519 2236 726 2289 utrinque
758 2236 821 2277 1-02
844 2235 1040 2288 oblongis
1067 2248 1182 2289 saepe
1210 2237 1416 2279 retrorsis
1441 2240 1662 2289 segmento
1688 2237 1836 2277 termi-

130 2295 217 2337 nali
265 2306 419 2347 magno
467 2293 648 2346 oblongo
699 2294 786 2337 basi
835 2298 1017 2337 cuneato
1053 2294 1118 2336 vel
1171 2295 1357 2342 cordato.
1404 2295 1516 2337 foliis
1564 2295 1835 2336 intermediis

129 2352 587 2406 oblongo-lanceolatis
605 2353 696 2396 basi
717 2354 961 2402 attenuatis,
981 2366 1029 2396 su
1039 2354 1284 2407 perioribus
1304 2354 1426 2406 longe
1444 2358 1486 2395 et
1504 2357 1685 2407 anguste
1704 2353 1835 2396 linea-

131 2412 252 2454 ribus
281 2410 628 2462 decurrentibus,
657 2412 856 2466 capitulis
881 2412 1133 2466 majusculis
1171 2412 1307 2454 ovatis
1343 2413 1537 2455 breviter
1571 2412 1835 2466 pedunculu-

131 2471 200 2523 tis‚
227 2470 441 2513 involucri
469 2470 607 2523 glabri
635 2470 795 2525 phyllis
822 2470 1082 2513 abeuntibus
1112 2471 1154 2512 in
1182 2471 1443 2524 appendices
1470 2474 1834 2524 erecto-patentes

133 2529 423 2572 fuscescentes
449 2529 664 2572 coriaceas
689 2529 979 2583 triangulares
1008 2530 1412 2584 pecliiiato-ciliatas
1440 2530 1483 2572 in
1511 2531 1680 2583 spinam
1707 2530 1833 2571 latam

133 2588 317 2631 validam
345 2588 388 2629 in
419 2588 723 2641 superioribus
755 2588 990 2642 appendice
1028 2589 1261 2641 longiorem
1291 2592 1548 2638 attenuatas,
1580 2589 1830 2630 intimorum

130 2646 368 2700 appendice
394 2647 586 2695 minima,
614 2647 807 2690 flosculis
833 2648 1083 2701 purpureis,
1110 2647 1301 2690 acheniis
1330 2647 1500 2689 flavidis
1536 2647 1684 2689 nitidis
1715 2647 1834 2700 apice

135 2705 398 2757 marginatis,
426 2706 553 2759 pappi
582 2706 759 2748 violacei
786 2706 900 2748 serie
930 2707 1165 2759 penultima
1191 2706 1368 2748 achenio
1397 2706 1675 2759 sublongiore
1699 2705 1769 2760 Θ.

180 2779 269 2814 Hab
306 2780 346 2814 in
367 2779 476 2815 fauce
494 2779 709 2815 Guzeldere
729 2780 875 2815 Ciliciae
895 2779 1078 2815 littoralis
1098 2780 1233 2824 (Ball),
1252 2780 1291 2815 in
1311 2779 1425 2824 Syria
1449 2779 1598 2815 boreali
1617 2779 1665 2814 ad
1684 2779 1833 2814 radices

133 2826 277 2861 Amani
295 2826 383 2872 (Ky.
402 2826 505 2871 1042)
524 2829 562 2862 et
578 2827 616 2861 in
638 2828 759 2874 pratis
779 2828 878 2862 inter
897 2827 1086 2862 Latakieh
1107 2829 1144 2862 et
1161 2826 1311 2873 Djiblet
1328 2826 1504 2871 (Boissl).
1523 2826 1579 2861 Fl.
1599 2827 1687 2862 Jun.

185 2888 327 2924 Planta
346 2888 593 2936 2·3-pedalis,
611 2890 782 2936 capitula
804 2891 957 2925 minora
978 2893 1014 2925 et
1034 2891 1166 2926 minus
1187 2889 1352 2925 rotunda
1374 2890 1430 2925 eis
1461 2889 1497 2925 C.
1521 2889 1692 2935 arifolioe
1716 2899 1737 2923 a
1757 2891 1831 2933 qua

133 2935 265 2971 differt
284 2936 387 2972 soliis
406 2936 554 2982 lyratis,
584 2937 852 2983 superioribus
870 2937 1177 2982 decurrentibus,
1198 2937 1391 2972 involucri
1410 2937 1690 2983 appendicibus
1709 2935 1833 2971 multo

133 2983 257 3028 magis
276 2984 456 3019 coriaceis
475 2987 512 3019 et
530 2984 700 3019 validius
719 2985 889 3030 spinosis
904 2985 980 3019 sere
1002 2986 1042 3019 ut
1059 2985 1097 3019 in
1123 2985 1156 3020 C.
1181 2982 1398 3020 Cataonz'cd
1418 2984 1522 3020 foliis
1543 2984 1725 3019 elevatini
1746 2983 1834 3018 reti-

133 3029 273 3064 culatis
292 3033 328 3065 et
345 3031 528 3077 capitulis
548 3030 667 3077 duplo
691 3032 906 3075 majoribus
925 3031 1101 3077 globosis
1120 3030 1312 3067 distincta.
