2090 3291
250 236 321 272 654
978 238 1226 265 composrrAE.
1714 229 1953 269 Centaurea.

252 315 429 358 minutis
452 311 909 366 oblongo-cylindricis
939 310 1187 364 paucifloris
1207 309 1330 351 valde
1357 310 1566 362 deciduis,
1587 311 1805 355 involucri
1831 314 1958 367 phyl-

251 376 302 417 lis
323 373 495 427 pallidis
520 371 726 414 tenuibus
740 372 786 412 in
807 370 989 413 caudam
1008 369 1166 423 pallide
1184 369 1500 411 fuscoscentem
1520 370 1689 423 longam
1710 371 1958 415 subulatam

247 434 292 475 in
306 432 403 474 cilia
422 430 661 474 setiformia
679 430 803 482 longa
822 428 1131 470 remotiuscula
1158 427 1532 481 pinnatipartitam
1550 429 1956 483 patulo-recurvam

248 491 526 540 abeuntibus,
551 489 746 530 flosculis
770 487 931 542 pallide
956 487 1195 540 purpureis
1213 487 1283 528 vel
1307 486 1419 529 albis
1441 486 1595 529 intimo
1617 491 1798 544 excepto
1827 490 1958 532 steri-

250 550 377 601 libus,
401 548 578 590 achenio
603 548 788 590 obovato
810 557 1062 600 compresso
1090 545 1298 588 subcalvo
1325 551 1360 593 5.

296 623 395 658 Hab.
418 623 459 657 in
486 622 619 657 Persia
643 620 809 656 australi
833 619 883 654 ad
912 619 1083 666 Ispahan
1103 618 1245 661 (Auch.
1272 618 1472 664 48531),in
1507 629 1553 655 ru
1584 620 1754 656 estribus
1781 622 1959 657 arenosis

247 670 357 716 Teng
379 668 519 704 Tokab
540 679 660 715 prope
684 667 872 703 Bebehan
892 669 929 701 et
946 667 988 701 in
1010 666 1180 702 collibus
1202 665 1347 701 Mahur
1367 665 1518 702 Meilati
1537 667 1553 711 (
1595 667 1769 713 ausskl).
1787 668 1844 704 Fl.
1867 668 1955 704 Iun.

296 732 554 778 Semipedalis
582 732 715 766 stricta
739 729 1013 766 ramosissima
1035 729 1217 765 intricata
1242 729 1503 776 suhaphylla‚
1528 729 1702 776 capitula
1729 733 1804 766 tres
1830 731 1959 768 lineas

248 781 368 825 longa
386 779 536 826 phyllis
562 780 605 813 ut
630 779 669 813 in
696 777 733 814 C.
762 774 1058 813 Zmearz’niand
1087 777 1157 812 sed
1183 776 1344 812 brevius
1373 779 1410 813 et
1438 776 1563 813 multo
1591 778 1783 814 remotius
1810 780 1959 814 setoso-

250 825 611 910 ggeissgicffntgffimla
627 825 667 860 in
690 824 884 872 pedicello
908 823 1145 860 brevissimo
1168 823 1377 860 articulata
1400 826 1439 859 et
1462 824 1581 859 etiam
1606 825 1820 861 immatura
1843 826 1960 862 facile

309 998 377 1039 86.
413 995 466 1039 C.
497 995 747 1049 spinosa
776 994 843 1049 (L.
875 993 948 1047 Sp.
985 994 1119 1047 1290)
1152 993 1364 1047 adpresse
1394 1005 1500 1036 cana
1535 994 1682 1036 rarius
1709 995 1952 1047 virescens,

250 1055 530 1099 sustruticosa
554 1054 972 1103 erinaceo-dumosa,
993 1052 1189 1095 caulibus
1215 1051 1392 1106 pumilis
1424 1052 1586 1095 crassis
1618 1054 1711 1095 fere
1739 1067 1764 1096 a
1793 1052 1889 1096 basi
1914 1054 1958 1096 in

250 1126 395 1157 ramos
419 1113 581 1167 rigidos
609 1113 729 1167 apice
758 1113 934 1154 demum
964 1112 1168 1165 spinosos
1196 1110 1438 1153 dichotome
1468 1114 1513 1153 et
1540 1111 1776 1154 intricatirn
1813 1125 1957 1155 ramo-

249 1173 449 1222 sissimis,
484 1172 597 1214 foliis
625 1170 889 1214 radicalibus
918 1169 1375 1224 oblongo-lanceolatis
1401 1170 1446 1212 in
1473 1170 1687 1225 petiolum
1717 1173 1954 1215 attenuatis

250 1232 430 1285 integris
457 1232 520 1273 vel
547 1231 700 1284 lyratis
729 1230 896 1272 laciniis
916 1229 1169 1272 lateralibus
1188 1230 1265 1270 2-4
1287 1229 1416 1282 triplo
1439 1229 1699 1280 minoribus,
1721 1230 1834 1273 foliis
1858 1242 1958 1273 cau-

252 1292 351 1333 linis
376 1291 419 1331 in
442 1291 618 1332 lacinias
646 1293 830 1343 anguste
856 1289 1044 1331 lineares
1072 1288 1429 1342 pinnatipartitis,
1455 1288 1641 1331 summis
1671 1290 1954 1343 squamael'or-

252 1351 397 1392 mibus
420 1349 633 1399 indivisis,
659 1348 861 1402 capitulis
882 1347 965 1390 sub
989 1348 1115 1400 spina
1141 1347 1363 1390 terminali
1386 1347 1595 1390 solitariis
1623 1348 1857 1390 sessilihus
1885 1349 1958 1391 vel

252 1409 446 1451 breviter
472 1408 773 1462 pedunculatis
796 1407 941 1460 parvis
962 1406 1423 1460 oblongo-cylindricis
1446 1406 1713 1461 paucissoris,
1736 1407 1956 1450 involucri

251 1468 387 1521 glabri
422 1467 581 1521 phyllis
614 1466 789 1520 pallidis
826 1466 966 1508 ovatis
998 1469 1042 1507 et
1075 1465 1274 1519 oblongis
1308 1465 1353 1507 in
1387 1477 1642 1520 mucronem
1675 1465 1857 1509 brevem
1886 1466 1960 1508 vix

252 1527 573 1581 spincscentem
625 1525 886 1568 abeuntibus
937 1524 1189 1568 membrana
1234 1524 1409 1578 hyalina
1460 1526 1645 1578 angusta
1703 1524 1960 1568 decurrenti

253 1597 444 1639 superne
473 1586 668 1628 breviter
704 1584 1087 1627 liinbriato-ciliata
1116 1583 1384 1637 marginatis,
1410 1584 1603 1626 flosculis
1630 1582 1786 1637 pallide
1816 1584 1957 1626 roseis

255 1645 324 1686 vix
349 1644 636 1697 radiantibus,
664 1644 841 1686 achenio
868 1643 989 1686 calvo
1012 1649 1047 1691 5.
1077 1642 1131 1685 lc.
1158 1643 1221 1685 Fl.
1244 1643 1380 1686 Graec.
1409 1643 1495 1685 tab.
1518 1643 1617 1685 902.
1645 1666 1705 1673 —
1726 1644 1820 1685 Bot.
1848 1643 1956 1697 Mag.
2026 1653 2028 1656 ’

252 1707 284 1746 t.
317 1704 444 1745 2493.
470 1728 525 1732 —
548 1703 681 1746 Rchb.
708 1702 795 1745 tab.
828 1704 895 1744 57.

298 1777 399 1812 Hab.
420 1778 460 1812 in
486 1777 662 1813 arenosis
693 1777 901 1812 maritimis
927 1780 965 1812 et
989 1777 1147 1812 collinis
1175 1777 1350 1822 regionis
1375 1777 1572 1813 inferioris
1596 1777 1734 1813 Atticae
1761 1780 1798 1813 et
1823 1777 1960 1823 Eginae

251 1825 409 1869 (Simu,
435 1825 614 1871 Sprunl),
643 1825 766 1860 Cretae
785 1824 946 1869 (Sibth.‚
972 1824 1086 1867 Sieb„
1107 1824 1255 1869 RaulO,
1274 1824 1418 1860 insulae
1445 1823 1616 1860 Lemnos
1640 1825 1784 1868 (Auch.
1814 1824 1957 1870 31900,

250 1871 474 1907 insularum
493 1871 628 1916 Melos,
648 1871 796 1916 SamOS,
815 1871 976 1915 Lesbos,
996 1871 1320 1916 Leros,Tenedos
1341 1872 1492 1918 (Urvi),
1510 1871 1679 1908 Troadis
1700 1871 1864 1917 (Olivl).

311 1996 380 2037 87.
416 1994 466 2036 C.
502 1993 891 2049 Singarensis
924 1994 1085 2050 (Boiss.
1115 1998 1157 2037 et
1184 1994 1395 2049 Haussk.)
1431 2007 1454 2038 e
1488 1994 1726 2037 rhizomate
1750 1995 1956 2038 indurato

256 2053 524 2107 plurIcaulis‚
551 2053 747 2097 caulibus
782 2054 993 2107 adpresse
1032 2054 1151 2096 canis
1174 2067 1196 2095 a
1224 2053 1318 2096 basi
1355 2052 1711 2097 subdivaricatim
1736 2054 1781 2095 in
1816 2066 1962 2096 ramos

253 2112 512 2155 tenuissime
557 2113 746 2165 virgatos
790 2113 1012 2166 elongatos
1059 2113 1393 2167 monocephalos
1438 2112 1693 2155 dichotomis
1734 2112 1956 2164 flexuosis,

255 2172 366 2213 foliis
395 2171 558 2214 teneris
586 2171 802 2214 viridibus
830 2172 1060 2225 puberulis
1084 2171 1335 2214 lanceolatis
1369 2172 1507 2214 acutis
1532 2171 1574 2213 in
1604 2172 1812 2225 petiolum
1837 2172 1959 2225 longe

257 2230 491 2273 attenuatis
532 2231 713 2284 integris
753 2231 817 2272 vel
859 2230 949 2274 basi
985 2230 1173 2274 dentatis
1205 2231 1275 2273 vel
1315 2230 1747 2285 pinnatilido-lyratis
1792 2230 1959 2273 laciniis

257 2287 510 2331 lateralibus
535 2291 610 2330 2-4
636 2289 783 2342 parvis
809 2289 1062 2342 linearibus,
1084 2290 1198 2332 foliis
1223 2289 1382 2332 rameis
1405 2289 1595 2332 minimis
1618 2289 1962 2345 squamaeformi-

257 2349 339 2390 bus
356 2348 566 2391 reti-orsis
587 2349 837 2396 linearibus,
855 2349 1056 2402 capitulis
1081 2349 1372 2391 mediocribus
1392 2348 1543 2400 ovafis,
1560 2349 1776 2392 involucri
1793 2348 1960 2391 minute

258 2407 461 2460 puberuli
481 2407 643 2460 phyllis
660 2408 705 2449 in
723 2408 894 2461 spinam
912 2407 1397 2461 pallidefuscesccntem
1409 2411 1588 2451 tenuem
1606 2407 1961 2461 erecto-patulam

258 2465 471 2519 pinnatim
506 2467 776 2520 spinulosam
804 2467 896 2508 basi
929 2466 974 2509 in
1011 2467 1107 2510 cilia
1144 2467 1240 2510 alba
1274 2467 1582 2510 decurrentem
1618 2467 1681 2509 eis
1718 2466 1961 2519 longiorem

259 2524 521 2576 abeuntibus
543 2525 729 2568 internis
747 2525 987 2568 linearibus
1005 2527 1170 2569 striatis
1188 2525 1430 2568 inermibus
1447 2525 1568 2581 apice
1585 2525 1789 2578 dentatis,
1809 2525 1962 2567 floscu-

258 2583 310 2625 lis
332 2583 471 2626 roseis
497 2596 580 2626 non
606 2583 896 2635 radiantibus,
923 2585 1053 2639 pappi
1078 2585 1192 2627 serie
1217 2584 1478 2627 intermedia
1504 2585 1653 2627 ovario
1682 2583 1965 2637 sublongiore

258 2643 431 2691 interna
456 2642 587 2696 duplo
611 2643 813 2686 breviore
835 2644 1038 2698 paleacea
1064 2649 1101 2694 5.

304 2715 405 2751 Hab.
424 2716 463 2751 in
483 2716 636 2752 fissuris
655 2716 814 2763 rupium
832 2716 1102 2754 calcarearum
1121 2718 1268 2754 montis
1284 2717 1442 2764 SindJar
1457 2717 1634 2763 Assyriae
1652 2716 1879 2761 (Hausskl).

307 2779 475 2821 Pedalis,
500 2780 600 2814 rami
625 2780 851 2815 tenuissimi
877 2780 1050 2816 foliolosi
1073 2781 1347 2829 semipedales,
1369 2780 1556 2817 foliorum
1573 2780 1802 2816 inferiorum
1814 2779 1966 2815 lamina

259 2825 542 2872 1-2-polliearis
571 2826 636 2861 3-4
666 2826 794 2863 lineas
819 2827 913 2871 lata,
941 2828 1118 2875 capitula
1144 2829 1307 2875 magnit.
1329 2827 1367 2865 C.
1393 2827 1638 2876 paniculatoe
1656 2827 1770 2864 facile
1789 2826 1965 2872 decidua,

260 2873 384 2919 spinae
403 2876 540 2909 tenues
559 2874 760 2919 eleganter
778 2875 1146 2921 spinuloso-ciliatae
1165 2879 1338 2913 externae
1355 2876 1620 2912 subrecurvae.

323 2996 392 3037 88.
428 2995 481 3039 C·
509 2994 830 3040 dumulosa
861 2995 1022 3054 (Boiss.
1065 2998 1218 3052 Diagn.
1258 2997 1353 3041 Ser.
1396 2998 1429 3050 l,
1473 2999 1541 3051 10,
1582 3010 1621 3052 p.
1664 2998 1768 3052 111)
1808 3009 1830 3038 a
1857 2995 1965 3039 collo
