2912 4368
407 679 579 717 Gazium.
1147 689 1371 714 RUBIACEAE.
2062 687 2109 722 51

402 770 512 806 prov.
544 759 682 794 Museh
709 760 773 794 alt.
800 758 1029 795 5000'-o500‘
1052 758 1145 804 (Ky.
1169 770 1248 794 exs.
1273 760 1359 794 330!
1388 759 1477 812 505!
1514 762 1551 813 et
1577 761 1693 805 5073),
1726 763 1911 811 armenia
1945 763 2108 801 Rossica

404 807 721 898 ῗὲἑῗεὲξῖιῗῧίἃ
733 807 849 851 (Szov
862 807 899 850 1),
914 807 1014 842 inter
1028 806 1241 841 Diarbekir
1255 808 1292 840 et
1307 806 1461 841 Mardln
1477 809 1514 841 et
1530 818 1566 841 111
1584 811 1829 843 montellum
1845 809 2108 848 lx'urdistuniae

449 917 590 953 Pedale
608 917 673 952 vel
691 916 976 963 sesquipedale.
994 916 1088 951 folia
1104 915 1293 951 10-121in.
1310 917 1429 961 longa
1447 916 1591 951 lineam
1609 917 1700 959 lata,
1713 919 1861 954 fructus
1881 922 2104 966 majusculi.

466 1032 532 1072 10.
568 1031 625 1073 G.
661 1029 1052 1083 leiophyllum
1090 1029 1249 1084 (Boiss.
1276 1029 1427 1083 Diagn.
1459 1030 1549 1071 Ser.
1588 1032 1624 1080 I,
1665 1034 1703 1085 3,
1741 1047 1779 1086 p.
1812 1032 1886 1087 36)
1919 1034 2109 1077 siccitate

403 1089 634 1142 nigricans,
660 1089 853 1130 caulibus
877 1102 901 1130 a
925 1088 1013 1130 basi
1037 1088 1315 1131 suffruticosa
1340 1091 1509 1130 ramosa
1534 1092 1778 1133 numerosis
1805 1093 1961 1134 erectis
1980 1093 2105 1136 elatis

212 1197 213 1203 ¹
404 1149 486 1190 late
521 1151 563 1189 et
599 1149 753 1190 obtuse
793 1147 1105 1201 quadrangulis
1152 1146 1195 1189 in
1237 1148 1480 1201 paniculam
1531 1150 1630 1203 plus
1680 1151 1822 1193 minus
1864 1151 2108 1204 elongatam

196 1215 213 1262 μ
403 1207 688 1259 abeuntibus,
730 1206 841 1248 foliis
885 1206 1001 1248 senis
1043 1206 1290 1248 lanceolatis
1331 1207 1397 1248 vel
1432 1207 1928 1251 lanceolam—linearibus
1967 1212 2106 1253 acutis

196 1263 214 1312 Ξ,
403 1265 597 1317 laevibus,
629 1266 850 1319 pedicellis
882 1266 987 1306 flore
1020 1264 1411 1317 subbrevioribus,
1448 1268 1620 1308 corollae
1658 1268 1908 1322 majusculae
1936 1281 2104 1311 carneae

195 1318 214 1383 {l
400 1324 469 1365 vel
492 1335 628 1365 roseae
651 1325 757 1366 iobis
782 1324 1028 1366 lanceolatis
1051 1323 1245 1365 breviter
1270 1325 1549 1376 mucronatis,
1567 1328 1760 1369 anthei-is
1780 1327 1968 1381 pallidis,
1992 1330 2106 1382 stylo

195 1377 213 1394 l'
400 1383 620 1437 bipartito,
650 1384 792 1425 fructu
818 1383 965 1436 glabro
1002 1389 1060 1430 36.
1097 1381 1144 1423 G.
1169 1381 1494 1433 mesffltlcmtlmmi
1521 1384 1656 1428 Boiss.
1684 1386 1834 1439 Diagn.
1872 1386 1965 1427 Ser.
1997 1387 2028 1437 Ι,
2063 1389 2103 1440 6,

400 1455 438 1495 p.
464 1442 531 1483 67.
561 1466 615 1472 -
645 1441 692 1484 G.
724 1441 1054 1494 Kotsclzgsanmn
1080 1441 1215 1483 ssoiss.
1240 1442 1284 1483 in
1310 1442 1388 1495 Ky.
1416 1443 1471 1496 pl.
1501 1455 1591 1485 exs.

448 1523 547 1558 Hab.
576 1524 615 1558 in
640 1524 882 1569 rupestribus
912 1523 1083 1570 regionis
1117 1522 1263 1567 alpinae
1297 1523 1494 1558 Armeniae
1524 1525 1708 1561 australis
1743 1537 1852 1572 prov.
1884 1527 2023 1562 Musch
2056 1528 2107 1563 ad

400 1570 510 1615 Teng
537 1573 573 1605 et
590 1571 726 1616 Merga
746 1570 853 1606 Sauk
870 1569 1098 1605 600027000'
1117 1569 1211 1614 (Ky.
1231 1570 1318 1605 4022!
1346 1573 1382 1605 et
1399 1571 1516 1615 4521),
1545 1577 1676 1608 monte
1708 1574 1813 1608 Gara
1840 1574 2107 1610 Kurdistaniae

398 1617 489 1662 (Ky.
507 1618 628 1662 5592),
647 1621 780 1653 monte
799 1618 863 1653 Pir
880 1617 998 1652 Omar
1016 1616 1182 1652 Gudrun
1202 1616 1468 1652 Kurtlistaniae
1490 1619 1654 1655 Percieae
1675 1623 1711 1655 et
1728 1623 1807 1656 toto
1827 1623 1952 1657 tractu
1970 1622 2105 1667 alpino

397 1663 489 1699 Kuh
524 1665 722 1711 Kilouyeh
757 1666 899 1700 Persiae
935 1663 1119 1699 australis
1154 1663 1406 1700 7000’41000'
1443 1666 1673 1711 (Hausskl),
1710 1670 1841 1704 11101110
1876 1668 1967 1704 Kuh
2001 1669 2106 1705 Delu

397 1710 486 1792 (ΙΙὲγ.
508 1712 614 1756 4791)
646 1715 684 1748 et
714 1712 865 1748 Elvend
885 1711 1026 1756 (Auch.
1046 1710 1167 1755 7451),
1200 1714 1334 1747 monte
1366 1712 1509 1747 Elbrus
1536 1714 1680 1749 Persiae
1712 1715 1792 1751 bor.
1830 1716 1870 1751 in
1900 1716 2105 1751 schistosis

397 1758 412 1801 (
453 1769 491 1804 y.
513 1759 630 1803 1161).

456 1834 499 1888 β.
533 1834 867 1888 stenopligzsllum.
895 1860 948 1864 -—
973 1834 1145 1877 Humile
1179 1834 1454 1889 semipedale,
1482 1837 1579 1879 folia
1616 1842 1798 1891 anguste
1825 1839 2018 1881 linearia.
2048 1863 2105 1871 --

399 1892 446 1935 G.
475 1893 790 1947 „ztgslorrlcizam
810 1894 947 1936 Boiss.
973 1896 1016 1935 et
1038 1893 1150 1935 Huet
1173 1894 1324 1946 Diagn.
1349 1894 1445 1936 Ser.
1470 1895 1524 1946 Π,
1551 1898 1589 1950 02,
1616 1910 1654 1950 p.
1692 1899 1784 1938 113.

445 1966 544 2002 Hab.
560 1967 599 2001 in
615 1969 747 2002 monte
762 1966 975 2012 Techdagh
991 1967 1189 2001 Armeniae
1208 1967 1380 2003 Turcicae
1396 1968 1562 2014 (Huett),
1580 1971 1620 2005 in
1644 1971 1844 2005 montibus
1872 1971 2104 2008 Nachitche-

399 2023 490 2048 wan
509 2014 706 2049 Armeniae
724 2014 897 2049 Rossicae
914 2013 1066 2058 (Buhse
1084 2016 1123 2056 1),
1145 2014 1186 2049 111
1205 2013 1340 2050 Persia
1359 2014 1509 2050 boreali
1538 2027 1658 2063 supra
1678 2018 1819 2053 Tabris
1841 2018 1974 2064 (Bget)
1999 2022 2036 2054 et
2062 2020 2102 2055 in

398 2063 529 2096 monte
548 2061 693 2097 Elbrus
714 2072 835 2108 prope
854 2061 1046 2107 Passgala
1064 2060 1157 2106 (Ky.
1178 2060 1271 2104 861).

461 2155 501 2192 y.
528 2133 868 2176 subz’elutinum.
889 2158 941 2165 --
964 2135 1120 2177 Totum
1147 2139 1307 2189 praeter
1332 2136 1500 2178 fructus
1529 2140 1571 2178 et
1596 2138 1798 2179 corollam
1822 2139 1921 2192 pilis
1942 2141 2105 2193 patulis

401 2193 593 2236 breviter
616 2194 872 2237 velutinum.
901 2219 959 2224 —
981 2194 1135 2246 Asper.
1157 2194 1443 2236 subvclutina
1466 2209 1546 2238 00.
1576 2197 1730 2239 Prodr.
1759 2198 1827 2250 IV,
1855 2212 1894 2253 p.
1921 2200 2018 2240 505.

448 2266 548 2303 Hab.
568 2268 607 2302 in
626 2269 759 2303 monte
780 2267 934 2302 Elvend
952 2266 1096 2303 Persice
1115 2266 1296 2312 (Olivierl
1317 2269 1437 2303 Aueh.
1458 2269 1571 2313 7471).

446 2330 586 2366 Planta
603 2332 643 2365 in
665 2333 760 2377 typo
781 2331 888 2375 1-1¹s2
909 2331 1060 2377 pedalis
1087 2331 1190 2366 foliis
1209 2331 1295 2366 6-12
1314 2331 1438 2367 lineas
1458 2332 1587 2378 longis
1613 2333 1636 2368 2
1662 2333 1750 2368 latis
1771 2335 1959 2371 transitus
1978 2337 2104 2371 mani-

398 2377 517 2413 festos
536 2378 682 2424 praebet
695 2379 735 2413 in
750 2389 830 2413 var.
846 2378 1134 2425 stenophyllczm
1149 2379 1259 2424 cujus
1274 2379 1369 2414 folia
1388 2379 1453 2414 lin.
1472 2380 1552 2423 ’si-l
1566 2381 1653 2415 lata
1668 2381 1891 2427 Speeirnina
1910 2383 2104 2419 nonnulla

398 2435 513 2472 parce
540 2425 732 2471 puberula
755 2426 804 2460 ad
830 2436 911 2461 var.
932 2439 952 2471 γ
974 2427 1186 2460 transeunt.
1216 2426 1372 2472 Species
1397 2428 1524 2462 affinis
1546 2427 1590 2463 G.
1610 2428 1698 2463 miti
1715 2430 1765 2463 ab
1784 2440 1827 2464 00
1847 2430 2104 2475 distinguitur

398 2471 578 2507 caulibus
597 2482 676 2507 non
694 2473 847 2517 strictis,
865 2473 970 2508 foliis
990 2473 1235 2508 tenuioribus
1253 2484 1331 2509 non
1354 2474 1502 2519 rigidis,
1529 2475 1713 2521 panicula
1736 2477 1928 2523 elongata,
1954 2478 2103 2513 corolla

398 2522 511 2555 rosea
530 2520 597 2554 vix
616 2529 686 2555 nec
700 2520 817 2565 longe
837 2520 1050 2566 cuspidata

460 2631 526 2673 11.
562 2631 621 2674 G.
648 2630 1159 2687 Schlumberqeri,
1195 2633 1385 2675 siccitate
1419 2634 1637 2686 nigricans
1667 2638 1803 2677 totum
1840 2636 2103 2681 brevissime

398 2690 656 2744 velutinum,
683 2692 879 2733 caulibus
903 2704 924 2732 a
949 2690 1043 2733 basi
1068 2691 1273 2734 indurata
1298 2693 1455 2734 erectis
1492 2694 1560 2734 vel
1584 2694 1920 2738 ascendentibus
1946 2696 2104 2740 obtuse

398 2748 708 2804 quadrangulis
730 2749 774 2792 in
798 2750 1043 2804 paniculam
1065 2750 1258 2793 strictam
1282 2750 1523 2804 elongatam
1549 2752 1825 2807 abeuntibus,
1845 2755 1955 2797 soliis
1983 2757 2101 2797 senis

398 2807 592 2849 breviter
612 2808 1112 2851 lanceolam-linearibus
1131 2810 1411 2863 mucronatis,
1430 2812 1653 2865 pedicellis
1672 2812 1779 2854 ssore
1804 2814 2103 2856 subbreviori-

397 2865 494 2918 bus,
526 2867 699 2909 corollae
724 2868 972 2922 majusculae
999 2867 1107 2909 alhae
1140 2872 1267 2911 extus
1299 2870 1494 2911 breviter
1529 2871 1733 2913 velutinae
1767 2870 1876 2913 lobis
1911 2874 2103 2925 triangu-

397 2924 564 2967 laribus
602 2927 721 2979 apice
756 2927 1063 2969 obtusiosculis
1100 2928 1323 2981 recurvis,
1364 2930 1563 2972 antheris
1601 2930 1754 2981 luteis,
1795 2931 1944 2974 ovari0
1982 2933 2103 2974 velu-

397 2984 486 3026 tino
522 2990 580 3031 26.

444 3056 544 3092 Hah.
562 3057 603 3091 in
621 3060 752 3094 monte
771 3058 968 3094 Hermone
986 3059 1208 3095 Antilibani
1230 3060 1550 3106 (Schlumberger
1566 3063 1602 3105 1).

445 3120 600 3164 Pedale,
627 3121 745 3156 facies
771 3122 863 3156 folia
888 3123 925 3157 et
954 3122 1070 3158 flores
1099 3123 1310 3168 majusculi
1338 3123 1382 3159 G.
1402 3124 1598 3205 leioghgsllz'
1627 3126 1695 3160 sed
1734 3126 1825 3160 folia
1860 3132 2102 3172 mucronata,

398 3168 577 3203 ovarium
603 3171 640 3203 et
663 3168 808 3204 corolla
829 3168 1017 3214 velutin-a,
1047 3169 1166 3215 hujus
1193 3170 1275 3205 lobi
1295 3171 1441 3205 mutiei.
1491 3171 1529 3205 'x
1557 3172 1671 3206 unico
1700 3173 1912 3218 specimine
1932 3174 2102 3209 florifero

398 3217 534 3250 notum
555 3217 593 3250 et
610 3215 773 3251 ulterius
788 3215 1122 3262 investigandum.

459 3327 524 3368 1⁶2.
560 3326 620 3369 G.
647 3327 1049 3381 Hyrcanicum
1091 3327 1209 3383 (CA.
1244 3330 1351 3382 Mey.
1397 3330 1550 3372 Enum.
1582 3344 1619 3384 p.
1648 3332 1723 3384 53¹)
1748 3331 1938 3373 siccitate
1968 3334 2102 3385 nigri-

398 3395 513 3438 canS,
540 3385 739 3438 glabrum
767 3387 831 3428 vel
857 3387 1004 3441 patule
1030 3387 1310 3441 puberulum,
1337 3388 1531 3431 caulibus
1560 3390 1734 3443 [uunilis
1763 3391 2099 3434 ascendentibus

398 3444 697 3497 prominenter
721 3446 974 3499 tetragonis,
997 3446 1109 3488 soliis
1139 3447 1257 3489 senis
1282 3447 1476 3489 breviter
1502 3448 1742 3490 linearibus
1770 3450 1906 3491 arulis
1932 3463 2101 3492 nun-ro-
