2090 3291
240 209 316 245 624
971 209 1221 238 conposrrAE.
1705 198 1949 237 Centaurea.

241 289 393 332 intima
435 284 830 341 elliptico-linearia
868 283 1040 338 longius
1082 281 1272 325 scariosa
1309 281 1536 334 elongatis,
1574 280 1769 324 flosculis
1810 281 1952 325 roseis

244 347 371 391 valde
400 344 689 396 radiantibuS‚
721 343 912 387 acheniis
945 341 1112 396 magnis
1144 344 1398 383 transverse
1432 339 1691 382 tenuissime
1728 339 1952 393 rugulosis

240 406 363 461 apice
391 404 658 458 marginatis,
684 403 814 457 pappi
836 400 1122 445 suscescentis
1150 400 1265 442 serie
1290 398 1530 454 penultima
1553 399 1732 441 achenio
1758 398 1831 441 vix
1852 399 1952 441 bre-

243 465 365 508 viore
391 463 601 506 interiore
626 461 757 505 tertia
784 464 906 514 parte
933 459 1137 503 breviore
1160 458 1245 501 late
1269 457 1468 513 paleacea
1494 457 1700 512 inaequali
1733 463 1796 506 γ.

290 537 392 573 Hah.
416 538 454 572 in
474 534 654 571 faucibus
677 533 874 570 umbrosis
902 532 1074 579 regionis
1094 531 1278 568 abietinae
1299 531 1445 566 montis
1467 529 1658 576 Kyllenes
1680 530 1954 578 Peloponnesi

241 583 473 621 3000'-4000'
492 581 649 624 (Heldr!
670 580 790 628 Orph.
808 580 864 616 Fl.
884 580 949 616 Gr.
970 590 1049 616 exs
1069 579 1185 624 1252),
1203 579 1243 614 in
1263 582 1394 614 monte
1414 578 1709 624 Gymnovouno
1729 588 1851 625 prope
1865 577 1953 613 Tri-

244 631 337 667 kala
356 629 542 676 (Heldrl).
561 629 618 664 Fl.
637 628 660 664 J
665 638 716 664 un

291 693 432 730 Planta
444 691 690 740 3-5-pedalis‚
706 691 801 727 folia
819 687 972 726 ambitu
991 687 1303 734 ovato-oblonga
1319 688 1460 745 pedem
1479 690 1517 723 et
1534 688 1707 735 amplius
1727 688 1849 735 longa
1866 698 1954 734 seg-

247 741 391 778 mentis
418 750 523 787 saepe
542 738 862 786 semipedalibus,
880 736 1055 785 capitula
1072 737 1128 772 eis
1147 735 1185 773 C.
1207 735 1406 773 Seabwsae
1423 736 1586 781 majora,
1607 735 1771 771 achenia
1788 735 1811 770 4
1828 735 1953 773 lineas

246 789 377 834 longa.
392 787 450 823 Ex
471 787 659 824 affinitate
680 788 716 822 (2.
731 785 936 822 Centaum‘z'
950 784 990 820 L.
1009 784 1036 820 11
1044 784 1389 829 alicae,segmentis
1403 782 1590 818 foliorum
1606 783 1904 828 angustioribus
1918 784 1956 818 et

247 836 464 883 praesertim
505 833 629 880 hyllis
640 833 836 869 involucri
848 830 1102 868 acutiusculis
1113 831 1395 877 angustissime
1409 839 1478 866 nec
1488 829 1567 866 late
1577 830 1759 867 scariosis
1768 830 1952 866 diversae.

244 882 404 929 Species
424 892 469 917 ac
485 881 600 917 ieniis
617 880 816 927 rugulosis
836 880 877 915 in
896 889 1038 926 genere
1057 877 1337 922 ,subanomala

314 1006 380 1048 10.
416 1004 469 1050 C.
504 1014 899 1060 pergamacea
930 1003 1032 1058 (nc.
1056 1002 1209 1046 Prodr.
1233 1002 1305 1052 VI,
1328 1016 1367 1059 p.
1397 1003 1500 1058 569)
1536 1003 1726 1046 molliter
1750 1003 1954 1046 villosula

247 1064 314 1107 vel
343 1064 866 1115 canescenti-tomentosa‚
890 1062 1089 1105 caulibus
1113 1075 1136 1104 a
1159 1061 1268 1105 collo
1294 1062 1455 1116 saepius
1482 1061 1719 1117 pluricipiti
1748 1061 1955 1117 simplici-

247 1123 329 1166 bus
355 1123 421 1166 vel
455 1123 547 1165 basi
579 1134 706 1176 parce
733 1122 918 1164 ramosis
941 1121 1074 1164 ramis
1102 1120 1423 1176 monocephalis
1449 1132 1640 1174 superne
1669 1121 1811 1173 nudis,
1838 1120 1953 1164 foliis

246 1182 287 1224 iu
314 1185 538 1236 segmenta
560 1181 741 1235 oblonga
767 1181 831 1223 vel
859 1179 1301 1224 lanceolam-linearia
1322 1180 1492 1234 integra
1513 1179 1859 1235 pinnatipartitis
1882 1179 1954 1237 vel

240 1241 499 1296 sublyratis‚
533 1239 695 1282 intimis
732 1239 924 1282 breviter
951 1239 1169 1294 petiolat1s
1191 1239 1463 1281 intermediis
1498 1239 1746 1284 sessilihus.
1771 1239 1955 1283 summis

248 1300 375 1343 valde
402 1300 630 1342 diminutis
662 1298 929 1353 pinnatisidis
964 1299 1028 1341 vel
1059 1298 1305 1341 lanceolatis
1333 1298 1529 1352 integris,
1559 1298 1760 1353 capitulis
1793 1297 1956 1352 maius-

244 1359 358 1402 culis
381 1358 536 1411 ovatis,
558 1358 773 1401 involucri
799 1358 959 1412 phyllis
989 1357 1162 1399 flavidis
1191 1357 1429 1411 appendice
1463 1356 1605 1410 ampla
1640 1361 1789 1401 tenere
1820 1368 1956 1399 mem-

249 1417 462 1461 branacea
499 1417 633 1459 nitida
665 1417 759 1460 alba
789 1416 1037 1460 cucullatim
1062 1416 1211 1458 inflata
1241 1416 1519 1459 obtusissima
1545 1416 1736 1472 obsolete
1763 1415 1956 1472 repanda

247 1476 591 1520 subdecurrenti
608 1477 827 1531 superatis
845 1474 897 1518 ab
915 1475 1076 1518 infimis
1096 1475 1340 1518 rotundatis
1361 1475 1411 1518 ad
1435 1475 1586 1518 intima
1604 1475 1785 1529 oblonga
1803 1475 1958 1526 auctis,

252 1535 447 1579 ssosculis
471 1535 611 1578 roseis
634 1535 944 1591 marginalibus
965 1533 1254 1586 radiantibus,
1270 1534 1461 1577 acheniis
1479 1534 1677 1588 oblongis
1694 1534 1958 1590 compressis

253 1595 418 1644 nitidis,
459 1594 587 1648 pappi
626 1595 885 1637 rufesceutis
924 1594 1038 1637 serie
1080 1593 1338 1637 intermedia
1376 1594 1554 1636 achenio
1596 1593 1958 1648 sesquilongiore‚

252 1653 403 1696 intima
425 1654 621 1707 paleacea
640 1653 769 1707 triplo
787 1653 988 1697 breviore
1016 1658 1054 1700 ‘36
1067 1683 1077 1694 .
1095 1651 1264 1706 Hyalea
1284 1663 1568 1705 peryamaeea
1587 1657 1629 1695 ct
1646 1652 1697 1694 H.
1717 1652 1959 1695 leuzeoz'des

253 1712 380 1754 Jaub.
404 1717 446 1754 et
470 1711 541 1766 Sp.
569 1713 632 1755 Ill.
661 1712 745 1756 tab.
775 1713 858 1754 215
883 1715 921 1755 el
949 1713 1048 1755 216.

302 1786 401 1822 Hah.
418 1786 456 1821 in
478 1785 559 1833 Cap
589 1785 725 1822 adocia
745 1786 794 1822 ad
816 1785 1057 1834 Euphratem
1073 1786 1213 1831 (Auch.
1229 1786 1318 1823 3171
1332 1787 1368 1831 !).
1384 1789 1516 1822 monte
1531 1786 1657 1823 Gebel
1672 1785 1802 1822 Abiad
1816 1786 1958 1822 deserti

248 1833 402 1879 syriaci
429 1833 478 1869 ad
507 1796 733 1878 Pafmyram
753 1833 867 1879 (ΒΗ),
887 1833 1021 1870 Persia
1043 1833 1431 1869 'austro-occidentali
1450 1833 1541 1877 (Ky¹
1559 1834 1663 1878 8731)
1691 1836 1728 1870 et
1754 1833 1958 1870 montibus

253 1880 510 1916 Bachtiaricis
529 1880 730 1926 (Lonush,
749 1881 850 1917 inter
866 1881 1037 1929 Ispahan
1056 1883 1094 1917 et
1111 1881 1291 1917 Teheran
1308 1881 1356 1916 ad
1375 1880 1469 1916 Ssof
1483 1881 1631 1927 (Bgel),
1650 1881 1689 1917 in
1708 1891 1819 1928 prov.
1837 1880 1960 1916 Ader-

253 1927 389 1974 bidjan
410 1927 551 1965 (Auch.
568 1927 705 1972 48372).

300 1989 439 2026 Planta
459 1990 693 2037 1-2·pedalis
722 1991 953 2027 indumento
981 1991 1070 2027 laxe
1097 1990 1252 2027 hirsuto
1273 1991 1338 2028 vel
1364 1994 1586 2028 tomentoso
1607 2000 1715 2036 cano,
1734 1991 1830 2028 folia
1857 1991 1960 2027 mul-

254 2040 338 2074 tum
358 2039 515 2073 variant
534 2037 766 2074 laciniarum
789 2039 915 2074 forma
934 2042 970 2074 et
995 2038 1255 2084 longitudine,
1274 2039 1456 2075 inferiora
1486 2049 1591 2086 saepe
1610 2039 1671 2075 3-4
1691 2039 1853 2086 pollices
1870 2049 1960 2074 cum

251 2085 399 2131 petiolo
410 2085 540 2131 longa,
551 2086 768 2133 capitulum
781 2096 827 2121 eo
842 2085 876 2122 C.
892 2085 1087 2123 Scabz'osae
1097 2086 1315 2133 subnmjus,
1329 2087 1536 2123 acheriium
1550 2089 1627 2122 tres
1642 2086 1766 2122 lineas
1780 2086 1958 2132 longum.

321 2208 385 2248 11.
421 2206 473 2250 C.
508 2206 666 2249 bella
699 2206 899 2259 (Trautv.
930 2207 1025 2251 Mel.
1054 2207 1215 2262 Biolog.
1249 2208 1362 2251 Bull.
1401 2207 1527 2250 Acad.
1556 2207 1729 2262 Pctrop.
1757 2207 1837 2260 vl)
1869 2207 1963 2250 basi

257 2265 577 2308 suffrutescens
629 2266 823 2308 breviter
861 2278 1030 2310 ramosa
1074 2267 1207 2310 ramis
1254 2268 1451 2323 reliquiis
1494 2267 1754 2321 petiolorum
1792 2266 1964 2309 vestitis

257 2325 404 2367 rosula
433 2325 692 2376 terminatis,
716 2326 915 2368 caulibus
943 2325 1346 2369 extrarosularibus
1378 2325 1714 2370 ascendentibus
1746 2325 1962 2368 subnudis

257 2383 595 2437 monocephalis,
620 2384 731 2427 foliis
757 2385 1004 2428 rosulaium
1030 2398 1165 2440 supra
1190 2385 1404 2428 viridibus
1428 2386 1585 2429 subtus
1611 2385 1820 2439 adpresse
1844 2385 1962 2426 canis

257 2442 472 2496 petiolatis
493 2443 538 2484 in
562 2445 782 2497 segmenta
807 2444 1016 2497 utrinque
1038 2446 1108 2487 3-4
1130 2449 1256 2489 ovata
1278 2448 1320 2487 et
1343 2445 1529 2500 elliptica
1554 2443 1721 2497 integra
1747 2443 1811 2485 vel
1837 2443 1963 2486 obso-

256 2500 340 2543 lete
378 2501 571 2555 repanda
609 2502 764 2545 obtusa
802 2514 915 2557 saepe
956 2503 1199 2556 petiolalata
1237 2503 1772 2558 pinnatisectis.>caulinis
1812 2503 1962 2557 paucis

255 2563 439 2614 anguste
462 2561 824 2604 lineari-setaceis
847 2553 1009 2605 trifidis
1030 2565 1073 2606 et
1094 2563 1309 2613 indivisis,
1328 2563 1528 2617 capitulis
1545 2561 1839 2604 mediocribus
1862 2573 1964 2604 ova-1

255 2619 327 2672 tis,
349 2619 564 2662 involucri
586 2620 723 2674 glabri
760 2621 920 2675 phyllis
945 2620 1184 2677 appendice
1206 2622 1270 2664 eis
1302 2622 1442 2665 latiori
1476 2620 1690 2665 cucullata
1726 2619 1962 2663 orbiculari

256 2677 323 2719 vel
346 2681 471 2721 ovata
495 2678 649 2722 obtusa
673 2680 863 2722 scariosa
888 2681 1149 2724 fuscescenti
1171 2681 1256 2723 late
1281 2679 1644 2732 albo-marginata
1670 2679 1963 2722 eroso-denti-

250 2736 393 2779 culata
423 2737 598 2780 demum
625 2739 765 2781 lacera
798 2740 1031 2794 superatis,
1056 2739 1248 2783 flosculis
1275 2740 1414 2783 roseis
1447 2739 1643 2782 externis
1672 2738 1959 2790 radiantibus,

256 2796 384 2849 pappi
415 2796 519 2838 setis
546 2797 723 2840 achenio
749 2798 879 2852 duplo
909 2798 1193 2852 longioribus,
1217 2799 1330 2842 serie
1358 2799 1507 2842 intima
1535 2797 1794 2847 brevissima
1817 2796 1960 2851 palea-

257 2856 331 2896 cca
364 2860 423 2902 2⁶.

306 2927 404 2964 Hab.
429 2929 468 2964 in
500 2930 745 2976 rupestrihus
776 2932 948 2977 regionis
981 2932 1188 2978 sylvaticae
1218 2932 1384 2969 Caucasi
1413 2931 1667 2969 occidentalis
1697 2941 1818 2978 prope
1846 2923 1962 2965 Bors-

253 2975 372 3011 chom
386 2975 583 3022 (Raddel)‚
603 2987 722 3025 prope
742 2978 882 3015 Kutais
902 2979 1074 3027 (Rupr!)‚
1093 2979 1219 3016 iberia
1237 2979 1454 3016 Caucasica
1472 2989 1594 3027 prope
1611 2978 1774 3016 Nizcbet
1788 2978 1960 3024 (Ruprlj.

2084 2672 2090 2782 ἱ

2083 2799 2088 2837 i
