2090 3291
237 192 310 230 510
970 191 1214 219 composrrAE.
1738 179 1943 218 Cousz'm'a.

238 275 484 316 attenuatas
522 271 646 322 longe
681 265 1017 309 decurrentibus
1053 264 1237 307 summis
1272 263 1435 306 sensim
1470 263 1710 314 diminutis,
1743 264 1945 318 capitulis

238 329 540 375 terminalibus
562 325 824 370 brevissime
847 323 1147 378 pedunculatis
1170 322 1510 375 ovato-globosis
1533 322 1798 372 multifloris,
1821 323 1945 365 invo-

240 389 347 432 lucri
367 385 651 431 subaraneosi
669 384 829 438 phyllis
846 396 868 426 a
888 383 980 425 basi
996 382 1190 424 breviter
1208 383 1388 424 cuneata
1411 381 1601 423 dilatatis
1620 381 1663 423 in
1679 381 1951 436 appendices

239 449 454 491 coriaceas
491 445 655 488 virides
697 441 925 485 rhombeas
963 441 1264 484 subcarinatas
1304 440 1343 482 in
1382 441 1552 495 spinam
1588 441 1944 494 eructo-patulam

238 510 482 550 attenuatas
505 501 766 545 abeuntibus
790 500 1001 543 diametro
1025 499 1237 542 involucri
1258 499 1357 552 plus
1378 499 1512 553 duplo
1536 498 1812 542 brevioribus
1836 499 1943 541 infe-

242 565 432 608 rioribus
472 563 681 616 utrinque
716 561 783 601 μθ
820 559 1059 613 spinulosis
1092 558 1260 600 caeteris
1298 557 1508 611 integris,
1542 557 1709 600 intimis
1743 558 1949 601 scariosis

239 624 488 667 lanceolatis
515 619 786 670 acuminatiS,
811 618 1006 661 flosculis
1033 617 1287 672 purpureis,
1314 618 1507 660 acheniis
1520 647 1647 659 .....
1682 621 1747 667 Θ.

288 699 388 735 Hab.
394 708 448 790 (¹1¹3
469 697 603 780 Persgfz
621 696 705 731 loco
725 705 803 730 non
823 696 957 729 notato
975 692 1116 738 (Auch.
1134 692 1276 737 34951).
1293 692 1342 728 ad
1370 691 1474 728 latus
1493 691 1667 728 australe
1694 692 1840 727 montis
1858 691 1949 728 Kuh

241 748 378 783 Daena
450 756 484 791 y.
503 745 549 778 79
598 747 618 785 ).

289 808 501 855 Bipedalis,
520 806 649 841 affinis
670 804 708 840 C.
726 803 948 840 canescenti
969 803 1037 839 sed
1055 803 1167 838 facile
1186 802 1368 838 distincta
1395 801 1501 838 toliis
1520 802 1715 849 supremis
1734 802 1882 837 sensim
1906 801 1947 837 in

243 855 439 892 involucri
467 853 606 901 phylla
634 863 712 888 non
739 851 1046 895 transeuntibus,
1075 849 1224 896 phyllis
1253 849 1490 896 patentibus,
1515 850 1687 885 externis
1713 849 1841 885 media
1870 859 1948 884 non

242 902 507 950 aequantibus,
526 900 711 936 omnibus
733 902 874 946 praeter
892 899 1033 933 intima
1049 897 1158 932 duris
1180 897 1363 932 carinatis
1384 907 1455 932 nec
1475 897 1660 943 foliaceis,
1675 896 1841 943 abrupte
1860 896 1948 932 basi

243 952 420 986 cuneatis
436 952 473 984 et
491 948 600 995 apice
617 948 655 982 in
677 947 831 993 spinam
852 945 1012 981 brevius
1027 945 1252 990 attenuans,
1268 944 1345 980 fere
1364 943 1599 990 aequilongis
1618 954 1661 980 ac
1675 943 1766 980 latis
1780 943 1949 990 (absque

243 1000 357 1045 spina
374 997 438 1032 4-5
455 996 600 1039 lineas)
619 993 777 1040 angulis
796 992 1028 1029 lateralibus
1050 993 1188 1028 acutis.

310 1125 402 1165 128.
437 1121 492 1164 C.
530 1119 753 1164 adnata
786 1119 895 1174 (Bge
932 1118 1056 1162 Cous.
1092 1132 1131 1172 p.
1161 1117 1236 1173 50)
1271 1118 1442 1160 biennis
1476 1129 1604 1172 parce
1637 1117 1946 1160 arachnoideo-

244 1184 426 1226 floccosa
466 1191 717 1225 canescens,
756 1180 878 1221 caule
917 1179 1068 1221 humili
1090 1178 1209 1231 apice
1250 1177 1519 1219 divaricatim
1557 1176 1815 1230 corymboso
1855 1177 1951 1218 3-5-

245 1242 437 1295 cephalO,
460 1239 573 1282 soliis
602 1239 765 1281 infimis
789 1238 991 1280 mollibus
1018 1237 1214 1290 oblongis
1237 1237 1281 1279 in
1309 1236 1514 1290 petiolum
1542 1235 1775 1278 attenuatis
1797 1235 1946 1290 pauci-

248 1300 436 1343 dentatis
471 1299 638 1340 minute
670 1298 924 1352 spinulosis,
950 1296 1134 1340 caulinis
1171 1299 1212 1338 et
1244 1296 1402 1338 rameis
1438 1295 1720 1348 rigidioribus
1755 1293 1956 1336 breviter

246 1359 385 1402 ovatis
412 1356 980 1411 adnato-amplexicaulibus
1007 1367 1086 1397 nec
1104 1355 1173 1396 vix
1194 1353 1529 1397 decurrentibus
1553 1353 1950 1408 spinuloso-pauci-

248 1418 450 1469 dentatis,
478 1416 679 1469 capitulis
714 1415 1007 1458 mediocribus
1041 1414 1302 1457 brevissime
1338 1412 1640 1467 pedunculatis
1674 1412 1950 1465 subglobosis

248 1475 542 1524 60·70-tloris‚
562 1474 774 1516 involucri
794 1486 923 1528 parce
941 1473 1217 1516 arachnoidei
1235 1473 1396 1527 phyllis
1420 1485 1443 1513 a
1464 1471 1555 1514 basi
1577 1472 1704 1515 ovata
1725 1472 1767 1513 in
1788 1482 1956 1526 appen-

249 1536 365 1578 dices
391 1534 554 1576 virides
581 1533 775 1576 breviter
797 1536 839 1575 et
866 1533 947 1575 late
972 1532 1230 1575 lanceolatas
1258 1531 1452 1584 margine
1479 1531 1603 1583 longe
1630 1531 1877 1584 spinulosas
1905 1530 1949 1571 in

249 1595 420 1648 spinam
460 1592 640 1646 rigidam
675 1592 885 1634 abeuntes
924 1604 1129 1634 recurvas
1165 1594 1208 1634 et
1244 1591 1497 1645 superiores
1530 1591 1701 1644 patulas
1739 1589 1952 1631 diametro

248 1652 462 1696 involucri
491 1651 717 1694 breviores
749 1651 1027 1702 abeuntibus,
1054 1650 1211 1705 phyllis
1238 1650 1403 1692 intimis
1438 1648 1642 1691 scariosis
1671 1648 1950 1692 acuminatis-

248 1713 389 1755 simis:
416 1710 588 1753 corollis
613 1710 801 1763 pallidis,
827 1710 1017 1752 acheniis
1054 1708 1396 1763 obpyramidatis
1420 1707 1596 1750 costatis
1620 1708 1739 1762 apice
1757 1707 1951 1749 denticu-

248 1772 345 1814 latis
367 1771 435 1825 Q).

293 1844 392 1879 Hab.
409 1844 448 1878 in
465 1843 656 1878 montosis
672 1842 816 1878 Persiae
835 1842 886 1877 ad
904 1841 1016 1887 Bagh
1032 1843 1069 1876 et
1083 1840 1269 1886 Aghkent
1282 1840 1384 1876 inter
1397 1840 1578 1876 Teheran
1593 1841 1631 1876 et
1644 1839 1787 1875 Tabris
1802 1839 1949 1885 (Bget).

295 1906 434 1941 Planta
461 1904 756 1951 ‹i-S-pollicaris,
784 1904 1020 1951 appendices
1047 1904 1111 1939 6-7
1129 1903 1254 1939 lineas
1284 1902 1415 1949 longae
1434 1903 1521 1938 basi
1547 1903 1567 1938 1
1589 1903 1630 1948 ¹l²
1658 1901 1761 1945 latae,
1782 1901 1955 1949 capitula

248 1964 345 1988 nuce
364 1953 531 1996 minora,
550 1952 696 1987 corolla
714 1952 774 1987 8-9
792 1952 861 1987 lin.
880 1951 1010 1997 longa.

318 2078 410 2118 129.
447 2076 500 2119 C.
535 2076 773 2119 Noeana
806 2066 966 2131 (Boiss.
1002 2076 1139 2129 Diagn
1189 2074 1280 2117 Ser.
1317 2073 1370 2127 Il,
1399 2075 1438 2125 3,
1465 2086 1506 2128 p.
1541 2076 1616 2128 57>
1652 2073 1823 2115 biennis
1855 2086 1953 2115 ara·

249 2135 741 2183 neoso-suboanescens,
760 2135 957 2179 caulibus
979 2135 1185 2178 tenuibus
1211 2133 1449 2176 humilibus
1467 2132 1540 2187 (an
1565 2132 1787 2187 semper‘l)
1808 2144 1956 2174 mono-

252 2195 441 2249 cephalis
476 2198 662 2247 anguste
695 2195 835 2243 alatis,
872 2195 986 2238 foliis
1025 2194 1172 2248 parvis
1206 2192 1371 2235 minute
1409 2195 1450 2233 et
1485 2192 1639 2235 crebre
1673 2191 1959 2234 denticulato-

251 2254 437 2296 sinuatis
478 2253 879 2307 spinuloso·ciliatis
922 2254 1042 2309 apice
1084 2252 1278 2295 tenuiter
1320 2250 1522 2306 spinosis,
1566 2250 1730 2292 infimis
1773 2253 1957 2304 anguste

252 2313 462 2365 oblongis,
501 2313 686 2355 caulinis
724 2316 906 2365 anguste
937 2312 1186 2355 lanceolatis
1224 2310 1537 2365 approximatis
1576 2308 1739 2352 strictis
1780 2309 1822 2350 in
1866 2309 1956 2351 alas

252 2376 461 2424 angustas
484 2371 678 2424 integras
701 2371 868 2414 ciliatas
894 2372 1017 2426 longe
1044 2369 1397 2419 decurrentibus,
1424 2367 1625 2422 capitulis
1651 2366 1958 2410 terminalibus

254 2430 647 2483 subpcdnnculatis
678 2431 825 2484 parvis
858 2442 881 2473 e
916 2431 1009 2473 basi
1035 2430 1236 2474 truncata
1264 2428 1403 2471 ovatis
1432 2426 1720 2480 15-20-floris‚
1741 2425 1957 2469 involucri

253 2488 415 2542 phyllis
450 2489 655 2532 coriaceis
691 2489 864 2532 flavidis
896 2502 1031 2544 supra
1057 2489 1180 2532 basin
1207 2491 1377 2531 ovatam
1414 2486 1667 2541 adpressam
1700 2496 1957 2528 araneosam

253 2548 374 2601 apice
412 2549 690 2591 constrictam
731 2547 1234 2601 triangulari-rhombeis
1274 2545 1481 2599 glabratis
1521 2544 1727 2587 carinatis
1765 2543 1959 2586 tenuiter

254 2606 446 2659 spinosis
486 2607 653 2649 inferne
691 2608 899 2662 utrinque
937 2606 1223 2661 bispinnlosis
1264 2605 1426 2648 intimis
1463 2603 1742 2646 brevioribus
1778 2601 1960 2645 reflexis

252 2665 525 2707 intermediis
552 2666 1080 2720 squarroso-patentibus‚
1102 2665 1267 2708 intimis
1294 2664 1499 2707 scariosis
1524 2662 1773 2705 lanceolatis
1796 2660 1958 2704 acumi-

253 2724 382 2774 natis,
400 2724 594 2767 flosculis
612 2725 767 2778 roseis‚
787 2725 979 2768 acheniis
998 2724 1175 2768 costatis
1202 2723 1484 2767 subincurvis
1502 2721 1811 2774 subrugulosis
1835 2720 1958 2775 apice

255 2781 446 2824 obsolete
473 2783 843 2839 denticulatis..

301 2854 402 2891 Hab.
421 2856 460 2891 in
483 2856 675 2892 montosis
692 2857 743 2893 ad
760 2857 920 2893 Kirrind
938 2857 1081 2893 Persiae
1098 2854 1349 2892 occidentalis
1367 2855 1468 2899 (Noe
1487 2853 1623 2898 10281).

303 2917 360 2952 Ex
390 2919 602 2964 specimine
629 2920 850 2955 autumnali
879 2920 930 2956 ad
959 2919 1105 2956 collum
1136 2919 1298 2966 depasto
1324 2918 1519 2964 descripta
1548 2919 1587 2953 et
1617 2916 1750 2952 forsan
1777 2915 1818 2951 in
1851 2917 1959 2951 statu

258 2965 429 3008 genuino
445 2965 671 3013 discrepans
681 2980 690 3014 3
708 2967 841 3004 caules
860 2968 929 3003 vix
947 2966 1220 3014 semipedales,
1234 2965 1331 3001 folia
1341 2964 1498 3001 caulina
1515 2963 1581 3000 6-8
1597 2962 1721 2999 lineas
1736 2962 1856 3008 longa
1871 2961 1896 2998 2
1913 2961 1957 3004 Ἰ,
