2126 3246
159 209 332 246 Galium.
899 216 1121 243 RUBIAGEAE.
1812 208 1860 245 59

160 289 452 332 subsolItarfis
500 288 695 331 breviter
742 287 1010 342 pedicellatis
1052 299 1075 330 e
1117 287 1280 341 cespite
1311 300 1398 331 non
1435 291 1635 343 exsertis,
1685 293 1857 334 corolla}

159 348 411 402 majiisculae
447 347 555 390 albae
592 347 701 390 lobis
751 346 1278 400 triangulari-lanceolatis
1323 349 1617 397 acutiusculis,
1663 351 1857 393 antheris

159 405 303 458 luteiS,
324 407 435 457 stylo
462 406 723 449 brevissimo
742 406 961 459 bipartite,
986 405 1134 449 ovario
1159 404 1307 458 glabro
1333 406 1401 448 vel
1424 407 1586 449 hirtulo
1621 415 1656 456 36
1671 443 1679 450 .

205 478 306 514 Hah.
326 479 367 514 in
387 479 546 525 regione
578 478 710 526 alpina
742 478 879 524 Lydiae
901 482 939 514 et
957 478 1095 525 Cariae,
1118 479 1295 526 Tmolus,
1321 479 1495 516 Cadmus
1516 492 1635 527 supra
1662 482 1858 529 Aphrodi-

158 526 262 562 siam
278 529 317 562 et
330 536 448 573 supra
466 526 672 562 Colossam
691 525 867 571 (Boissl).
886 525 943 561 Fl.
961 526 1048 562 Jun.

203 589 312 625 Folia
334 589 353 624 1
375 589 460 631 ’λι-2
472 589 540 624 lin.
561 589 680 634 longa
698 589 812 624 lineae
829 589 870 633 Ὗ.
889 588 979 633 lata,
999 589 1115 625 facies
1135 588 1431 638 G.Olympicz’et
1442 591 1655 638 Pyrenaicz'
1669 602 1693 628 a
1711 592 1856 638 quihus

158 634 263 672 foliis
282 635 514 672 submutIcis
533 636 792 681 subenervfis,
811 639 892 681 etc,
910 636 1049 672 differt.

218 748 289 790 32.
325 748 385 791 G.
413 747 688 803 palustre
707 747 775 814 ψ.
799 747 871 802 Sp.
893 748 995 802 153)
1010 747 1222 801 glabrum,
1247 748 1445 792 caulibus
1470 750 1686 793 debilibus
1703 763 1857 793 nume-

157 807 273 850 rosis
300 806 817 849 diffuso-ascendentibus
842 807 1154 860 quadrangulis
1179 808 1233 850 ad
1255 809 1436 861 angulos
1455 809 1614 862 saepius
1639 810 1855 853 scabrius-

157 866 282 917 culis,
309 865 421 907 foliis
449 866 616 908 5-4—nis
643 865 803 919 patulis
830 865 1202 920 lineari-oblongis
1219 867 1387 910 obtusis
1405 868 1578 910 muticis
1594 869 1712 922 apice
1736 869 1855 911 latio-

158 923 282 966 ribus
324 923 417 967 basi
451 924 684 968 attenuatis
731 925 922 967 tenuiter
959 925 1160 967 nervosis
1201 925 1396 978 margine
1418 926 1576 980 saepius
1610 930 1855 969 retrorsum

157 982 337 1035 scabris,
362 983 573 1037 paniculae
597 984 766 1026 diffusae
793 983 899 1025 laxae
923 983 1058 1026 ramis
1076 995 1192 1037 saepe
1211 985 1386 1027 tandem
1411 985 1607 1031 deflexis.
1633 986 1854 1039 pcdicellis

158 1041 428 1084 tenuissimis
472 1042 708 1084 fructiferis
753 1041 910 1095 angulo
955 1045 1074 1085 recto
1112 1044 1376 1096 patentibus,
1414 1044 1586 1087 corollae
1612 1045 1719 1087 albic
1745 1045 1855 1087 lobis

158 1100 299 1143 ovatis
323 1101 510 1153 muticis,
539 1100 731 1143 antheris
771 1101 1023 1154 purpureis,
1054 1102 1200 1144 fructu
1232 1102 1422 1145 tenuiter
1458 1103 1666 1156 ruguloso
1705 1110 1764 1151 26.
1799 1104 1853 1146 Ic.

157 1157 219 1200 ΡΙ.
251 1158 358 1201 Dan.
381 1159 466 1201 tab.
490 1160 591 1201 423.
622 1183 677 1189 -
703 1158 751 1202 G.
768 1159 993 1210 fontinale
1019 1158 1062 1202 G.
1087 1160 1207 1203 Koch
1229 1161 1354 1203 Linn.
1383 1161 1538 1213 XXIV,
1562 1175 1603 1216 p.
1639 1163 1750 1204 469!

205 1239 304 1276 Hah.
331 1240 372 1276 in
397 1241 601 1288 paludosis
618 1244 655 1277 et
680 1242 729 1277 ad
755 1242 841 1278 vias
867 1240 1051 1278 humidas
1071 1243 1279 1279 umbrosas
1309 1243 1359 1279 ad
1377 1242 1614 1289 Byzantium
1635 1244 1794 1289 (Sibth.)
1821 1248 1857 1281 et

157 1285 208 1323 ad
227 1286 318 1323 Kilu
344 1287 519 1324 Roumili
539 1289 814 1336 (Duparquetl
829 1291 856 1335 )‚
875 1288 915 1325 in
932 1288 1056 1325 Ponto
1083 1288 1219 1326 Lazico
1239 1300 1360 1337 prope
1383 1290 1503 1326 Rhize
1522 1291 1611 1335 (Bal
1630 1292 1668 1336 Ι).
1685 1292 1742 1327 Fl.
1764 1292 1855 1327 Jun.

158 1362 265 1443 AfAr.
298 1361 618 1444 {eoquEm-opa
636 1362 764 1399 omnis
782 1373 805 1397 a
822 1360 1086 1399 scandinavia
1102 1362 1153 1398 ad
1172 1362 1354 1399 Rossiam
1387 1364 1580 1409 arcticam,
1603 1363 1747 1400 Sibiria
1765 1366 1858 1410 tota,

213 1418 291 1443 r1ca
339 1418 428 1444 orea
446 1419 491 1444 is.

219 1521 289 1562 33.
326 1519 388 1564 G.
426 1520 773 1576 elongatum
800 1521 960 1572 (Presl.
994 1521 1058 1564 Fl.
1087 1520 1169 1564 Sic.
1195 1522 1226 1575 Ι,
1248 1535 1289 1576 p.
1317 1521 1393 1576 59)
1425 1523 1624 1576 glabrum
1659 1523 1854 1567 caulibus

156 1578 375 1622 debilibus
402 1580 706 1622 crassiusculis
731 1580 859 1623 valde
882 1581 1091 1635 elongatis
1114 1581 1450 1625 ascendentibus
1477 1581 1530 1624 ad
1554 1582 1734 1635 angulos
1760 1594 1853 1625 sca-

157 1636 294 1681 bridis
333 1639 404 1681 vel
444 1638 640 1691 laevibus,
677 1638 791 1681 foliis
826 1640 990 1682 6-4-nis
1032 1639 1480 1694 elliptico-linearibus
1528 1640 1855 1696 linearibusque

156 1696 325 1739 obtusis
348 1697 520 1740 muticis
546 1698 741 1751 margine
773 1697 1056 1741 subbifariam
1093 1698 1273 1750 scabris,
1298 1700 1511 1754 paniculae
1540 1701 1693 1753 amplae
1716 1700 1854 1742 firmae

156 1756 290 1797 ramis
327 1756 503 1810 patulis,
529 1756 754 1810 pedicellis
785 1755 940 1811 angulo
977 1760 1095 1800 recto
1132 1758 1458 1811 divergentibus
1480 1758 1622 1800 fructu
1653 1760 1855 1811 longiori-

159 1813 256 1865 bus,
290 1815 459 1858 corollae
495 1815 604 1857 albae
645 1815 756 1858 lobis
800 1816 960 1868 ovatis,
990 1816 1184 1859 antheris
1230 1817 1669 1871 purpurascentibus,
1711 1819 1856 1861 fructu

155 1874 396 1928 majusculo
431 1874 638 1927 ruguloso
673 1880 733 1922 26.
760 1874 808 1917 G.
833 1874 1078 1916 mammam
1125 1875 1257 1918 Moris
1298 1875 1430 1930 Stirp.
1473 1875 1595 1918 Sard.
1636 1878 1668 1928 I⁷
1705 1890 1745 1930 p.
1785 1878 1853 1918 55.

158 1955 208 1963 --
250 1932 297 1975 G.
316 1931 518 1985 palustre
542 1932 646 1975 Μ.Β.
676 1932 805 1976 Taur.
834 1933 959 1976 Cauc.
980 1932 1013 1985 Ι,
1037 1947 1079 1988 p.
1112 1935 1193 1976 103
1220 1947 1308 1977 non
1335 1934 1381 1976 L.
1413 1960 1468 1966 ——
1491 1933 1541 1976 G.
1574 1934 1854 1988 satetrcioefo-

154 1989 264 2032 lium
286 1991 454 2034 Trevir.
478 1992 585 2045 Mag.
611 1992 727 2035 Berl.
761 1993 886 2044 1815,
912 2006 953 2047 p.
981 1994 1076 2035 146.

203 2074 295 2110 Hah
323 2075 363 2111 in
381 2075 584 2122 'paludosis
602 2074 793 2121 Zacynthi
811 2075 944 2122 (Marg
957 2078 994 2121 l),
1011 2076 1274 2123 Peloponnesi
1292 2076 1414 2123 [Bory
1426 2080 1461 2123 lt,
1481 2081 1518 2113 et
1536 2078 1645 2124 prob.
1671 2079 1855 2125 frequens

156 2121 197 2156 in
215 2122 367 2158 Graecia
386 2124 423 2158 et
439 2122 626 2158 Anatolia
635 2122 813 2168 australi,
825 2124 1038 2170 provinciis
1050 2123 1268 2160 Caucasicis
1278 2126 1315 2160 et
1327 2125 1666 2161 Transcaucasicis
1682 2126 1732 2160 ad
1748 2136 1855 2161 mare

157 2168 345 2215 Caspium
365 2169 586 2215 (C.A.Meyl
606 2170 745 2216 Hohl).

201 2232 437 2268 Praecedenti
477 2232 592 2268 affine
628 2233 695 2269 sed
729 2235 868 2280 majus,
898 2234 1028 2269 caules
1057 2235 1279 2279 crassiores,
1312 2234 1407 2271 folia
1438 2235 1635 2281 elongata,
1669 2236 1854 2282 panicula

155 2278 326 2326 amplior
344 2280 470 2324 firma,
492 2280 605 2316 ssores
623 2284 660 2316 et
676 2281 825 2316 fructus
839 2281 915 2317 fere
934 2281 1056 2328 duplo
1074 2282 1256 2328 majores.

201 2344 264 2379 Ar.
294 2343 426 2390 Geoqr.
452 2343 608 2391 Europa
636 2344 767 2381 media
785 2347 822 2383 et
839 2345 1056 2392 praesertim
1081 2346 1265 2382 australis
1292 2357 1315 2382 a
1333 2346 1464 2382 Gallia
1481 2346 1529 2381 ad
1559 2347 1739 2382 Rossiam
1759 2357 1850 2383 aus·

153 2390 306 2436 tralem,
319 2390 450 2427 Africa
467 2391 650 2427 borealis.

215 2504 283 2545 34.
317 2503 375 2548 G.
410 2503 807 2547 constrictum
842 2503 1025 2559 (Chaub.
1063 2504 1125 2547 Fl.
1150 2504 1286 2557 Agen.
1312 2517 1352 2558 p.
1377 2506 1448 2556 67,
1472 2506 1557 2547 tab.
1588 2506 1633 2559 2)
1655 2505 1855 2558 glabrum

154 2561 346 2604 siccitate
370 2562 810 2616 nigricans,caulibus
832 2563 1065 2616 gracilibus
1081 2564 1236 2606 erectis
1263 2563 1452 2606 firmulis
1470 2564 1783 2618 quadrangulis
1802 2565 1856 2607 ad

154 2621 336 2674 angulos
360 2621 619 2664 scabridulis
647 2622 717 2663 vel
742 2622 939 2675 laevibus,
958 2621 1070 2664 foliis
1099 2622 1266 2664 6-4-nis
1289 2621 1662 2677 subinaequalibus
1683 2623 1855 2665 lineari-

154 2678 239 2721 bus
270 2679 438 2723 ohtusis
477 2680 650 2722 muticis
686 2680 843 2724 subtus
878 2680 932 2723 ad
974 2681 1193 2733 margines
1230 2680 1540 2724 subrcvolutos
1579 2682 1854 2734 scabridulis,

154 2737 366 2792 paniculae
392 2739 660 2791 corymbosae
693 2740 828 2782 ramis
862 2739 1072 2792 elongatis
1098 2739 1425 2794 erecto-patulis
1448 2741 1643 2794 cymulas
1678 2740 1855 2781 5-7-Πο-

155 2808 227 2838 ras
252 2797 592 2850 capituliformes
617 2797 875 2851 ferentibu8‚
892 2798 1117 2852 pediccllis
1144 2799 1301 2841 erectis
1321 2798 1466 2841 fructu
1497 2799 1752 2851 aequilongIs
1786 2798 1855 2841 vel

156 2852 445 2909 brevioribus,
473 2856 646 2898 corollae
671 2855 780 2899 albae
815 2858 1098 2901 subconcavae
1123 2857 1233 2900 lobis
1257 2856 1395 2900 ovatis
1419 2857 1700 2900 acutiuscnlis
1723 2857 1854 2899 muti-

150 2912 227 2966 cis,
253 2915 396 2957 fructu
419 2913 585 2957 minute
609 2913 883 2959 tuberculato
910 2922 969 2964 26.
998 2914 1047 2957 G.
1073 2915 1207 2958 debile
1244 2915 1375 2959 Desv.
1402 2915 1503 2958 Obs.
1524 2928 1565 2970 p.
1605 2917 1699 2958 134.
1719 2940 1777 2947 -
1805 2914 1850 2958 G.

152 2975 403 3027 congestum
440 2973 561 3016 Jord.
590 2973 691 3017 Obs.
718 2987 758 3028 p.
789 2975 883 3017 17⁰2.
908 2995 967 3007 --
990 2973 1037 3017 G.
1064 2973 1280 3017 Creticum
1302 2974 1441 3017 Boiss.
1468 2977 1509 3017 et
1529 2973 1677 3018 Heldr.
1698 2975 1849 3029 Diagn.
