2071 3241
120 245 251 282 Inula.
846 255 1091 282 composn'AE.
1124 268 1127 271 -
1747 249 1813 290 191

120 329 352 374 attenuatis
379 329 546 371 eaeteris
564 340 690 371 secus
711 327 874 370 caulem
893 328 1019 381 longe
1040 328 1385 383 decurrentibus,
1410 332 1607 384 capitulis
1634 333 1813 379 minutis

119 388 350 431 diseoideis
376 387 591 430 obconieis
623 386 676 429 ad
701 398 923 428 ramorum
960 387 1124 441 apicem
1165 388 1393 430 sessilibus
1426 390 1558 432 dense
1598 395 1811 444 congestis

117 447 229 491 foliis
263 446 486 488 floralibus
520 458 568 488 ea
600 457 715 499 saepe
752 445 1024 499 aequantibus
1061 446 1355 499 involucratiS,
1392 449 1603 491 involucri
1653 442 1808 505 pliyllis

115 506 295 548 hirsutis
314 508 495 557 auguste
519 504 768 547 lanceolatis
793 504 1016 556 adpressis
1035 501 1088 545 ab
1107 504 1269 547 infimis
1291 506 1344 547 ad
1372 506 1522 549 intima
1560 510 1808 553 acutissima

114 564 275 608 sensim
294 563 444 610 auctis,
463 562 645 606 floribus
666 562 864 604 femineis
887 563 1305 606 t1·uncato-2—3-fidis
1333 566 1597 618 uniseriatis,
1617 567 1809 611 acheniis

112 622 295 666 hirsutis
328 628 386 668 26.
412 623 447 663 J.
472 620 721 673 thapsoides
751 632 845 662 var.
874 619 1179 663 Biebcrsleinii
1200 634 1280 664 oc.
1309 623 1462 667 Prodr.
1492 624 1541 677 V,
1562 638 1602 678 p.
1630 627 1727 668 465.

158 697 258 732 Hah.
290 697 330 731 in
358 696 534 732 dumosis
565 698 603 731 et
634 694 809 730 humidis
837 694 1008 746 regionis
1029 696 1247 740 praesertim
1282 700 1482 732 montanae
1514 701 1551 733 et
1570 699 1804 747 subalpinae,

111 743 227 789 Olym
260 755 305 778 us
340 744 535 788 Bithynus
560 745 598 777 et
620 741 787 777 Tmolus
814 741 950 785 Lydiae
983 741 1165 786 (Boiss!]‚
1203 743 1404 779 Caucasus
1424 748 1519 790 sept.
1551 748 1587 780 et
1621 748 1802 783 australis

109 790 165 835 (M
185 791 238 836 R,
254 790 442 833 Homul),
459 790 590 825 Persia
601 788 772 825 borealis
790 788 840 823 ad
853 787 1050 823 Zarmkou
1068 789 1208 832 (Auen.
1228 790 1371 835 47351).

154 853 295 888 Planta
319 853 522 888 Anatolica
540 852 698 887 densius
716 852 1058 896 sericeo-pannosa
1081 854 1118 886 et
1140 852 1312 897 capitula
1330 853 1385 888 eis
1407 854 1629 890 Caucasiew
1652 857 1799 893 submi-

106 911 202 936 nora
222 901 350 943 habet,
369 902 549 935 caeterum
571 899 698 945 speeie
723 909 801 934 non
819 898 974 933 differre
988 898 1154 934 videtur.
1177 899 1391 936 Varietates
1414 901 1490 936 duo
1510 902 1657 948 priores
1677 905 1715 938 in
1726 915 1796 939 ou.

104 947 235 982 Prodr.
256 951 349 982 sunt
366 948 500 982 formae
524 946 741 981 hortenses.

165 1064 229 1104 115.
265 1062 300 1105 1.
337 1060 638 1105 discoidea
665 1060 827 1115 (Boiss.
853 1060 896 1102 in
940 1059 1091 1101 Tchili.
1120 1060 1192 1103 As.
1218 1061 1318 1103 Min.
1345 1061 1398 1114 ΙΙ,
1424 1075 1463 1115 p.
1489 1063 1586 1116 239,
1606 1064 1689 1106 tab.
1723 1066 1796 1120 29)

98 1122 263 1164 minute
285 1118 776 1164 tuberculato-scabrida
800 1119 959 1172 pallide
981 1118 1142 1171 virens,
1161 1120 1268 1161 eollo
1287 1120 1546 1163 albo-lanato
1568 1156 1576 1174 ,
1599 1124 1793 1167 caulibus

98 1193 151 1223 ex.
175 1181 410 1222 rliizoinate
445 1179 554 1221 duro
594 1178 751 1220 erectis
784 1178 961 1231 virgatis
1008 1189 1196 1231 superne
1235 1178 1330 1220 laxe
1356 1180 1638 1233 corymbosis,
1681 1183 1793 1224 soliis

95 1239 357 1282 radicalibus
373 1236 838 1290 oblongo-spathulatis
853 1236 1132 1279 acutiusculis
1152 1237 1315 1279 minute
1334 1239 1568 1280 erenulatis
1592 1240 1636 1281 in
1658 1241 1790 1293 potio·

92 1298 182 1341 lum
211 1298 429 1340 hirsutum
456 1297 581 1348 longe
621 1296 869 1348 attenuatis,
899 1295 1202 1349 superioribus
1226 1296 1349 1337 valde
1373 1297 1597 1338 diminutis
1625 1299 1790 1341 lanceo-

91 1356 436 1400 lato-linearibus
469 1355 559 1397 basi
589 1354 732 1397 sessili
771 1354 1180 1407 semiamplexicauli
1218 1354 1475 1397 brevissime
1517 1355 1786 1399 decurrenti-

89 1415 187 1467 bus,
215 1415 415 1469 capitulis
443 1413 673 1456 discoidcis
707 1413 1011 1455 terminalibus
1038 1414 1287 1467 majusculis
1320 1414 1656 1466 lieniispliaeriifis
1689 1415 1786 1457 lire-

88 1474 201 1516 viter
224 1472 765 1527 pedunculatis‚involucri
791 1472 951 1526 phyllis
973 1472 1194 1526 pruinosis
1210 1472 1410 1515 ciliatulis
1429 1472 1480 1514 ab
1504 1473 1783 1516 inferioribus

86 1531 521 1585 lineari-spatliulatis
564 1531 854 1574 obtusissimis
895 1530 1014 1584 apice
1062 1531 1254 1574 breviter
1305 1531 1478 1574 foliaceo
1524 1544 1780 1585 squarroso-

86 1591 283 1635 recurvis
306 1591 360 1632 ad
381 1590 531 1633 intima
572 1590 759 1634 scariosa
798 1589 1064 1632 acutiuscula
1092 1591 1252 1632 sensim
1272 1590 1421 1637 auctis
1441 1590 1630 1632 acheniis
1656 1592 1779 1634 liii-lis

84 1663 225 1705 pappo
251 1649 427 1692 sordido
466 1649 682 1704 subduplo
725 1649 917 1702 longiore
952 1649 1170 1702 superatis
1210 1651 1351 1696 2c.1‹:.
1390 1649 1536 1690 Tchih.
1575 1649 1648 1690 As.
1679 1650 1776 1691 Min.

84 1710 169 1752 tab.
196 1711 262 1750 ⁶29.

129 1775 228 1810 Hal).
248 1775 288 1810 in
308 1773 503 1810 Armeniae
532 1773 715 1809 australis
739 1773 954 1820 pinguibus
979 1773 1030 1811 ad
1057 1773 1204 1809 radices
1224 1773 1415 1809 australes
1443 1775 1584 1809 montis
1605 1775 1777 1815 ssimgol—

81 1821 199 1868 dagh,
220 1822 260 1857 in
284 1822 462 1857 districtu
492 1820 633 1857 Gunek
653 1820 758 1856 6000·
779 1820 919 1865 (Tchih
937 1822 974 1866 1),
997 1821 1047 1856 ad
1074 1830 1219 1867 pagum
1250 1821 1400 1867 Koweg
1428 1821 1531 1856 4600'
1551 1821 1642 1866 (ΚΥ.
1661 1823 1773 1859 mil).

79 1868 279 1960 Flpgduaffis
299 1925 335 1959 et
352 1923 648 1970 sesquipedalis,
674 1923 770 1959 folia
788 1922 975 1959 inferiora
1008 1933 1097 1959 cum
1124 1924 1266 1969 petiolo
1283 1923 1582 1968 2·3-pollicaria‚
1603 1923 1771 1969 capitula

78 1971 133 2007 eis
150 1970 180 2006 Ι.
201 1971 367 2017 Conyzae
384 1971 622 2015 submajora.

139 2089 203 2129 16.
238 2087 275 2129 1.
298 2085 688 2142 anqustifolia
714 2086 817 2140 (0.0.
866 2086 1019 2128 Prodr.
1056 2085 1148 2137 VII,
1192 2098 1230 2139 p.
1271 2084 1375 2138 ⁰285]
1411 2084 1530 2125 caule
1582 2084 1766 2136 simplici

72 2145 210 2200 rigido
237 2146 386 2188 solioso
420 2146 541 2198 apice
576 2145 724 2188 stricte
759 2144 1050 2198 2-4-ceplialo,
1093 2144 1328 2186 rhizomate
1369 2143 1491 2184 brevi
1530 2142 1765 2196 plui-iripiti

72 2217 313 2260 squamoso,
337 2205 442 2246 collo
467 2203 745 2253 albo-lanato,
768 2204 882 2246 foliis
902 2204 1082 2245 hirsutis
1106 2203 1287 2256 integris
1306 2201 1563 2243 radicalibus
1592 2200 1763 2241 lim-ari-

70 2263 317 2306 lanceolatis
358 2263 496 2307 acutis
528 2263 569 2304 in
612 2262 819 2316 petiolum
862 2263 1115 2314 angustatis,
1144 2261 1324 2304 caulinis
1362 2261 1539 2301 minutis
1580 2263 1761 2310 anguste

68 2322 305 2365 linearibus
325 2321 486 2364 strictis
504 2321 599 2364 basi
617 2321 1209 2374 subsemianiplexicaulibus
1224 2320 1292 2363 vel
1317 2319 1574 2363 rotundatis,
1592 2317 1756 2369 pedun-

66 2381 175 2424 culis
201 2381 365 2424 minute
406 2379 673 2434 glandulosis
700 2380 887 2434 capitulo
916 2379 1197 2432 longioribus,
1239 2377 1437 2431 capitulis
1462 2376 1640 2418 minutis
1671 2376 1757 2417 dis-

65 2440 238 2492 coideis,
274 2440 489 2482 involucri
526 2439 684 2493 phyllis
721 2438 942 2492 adpressis
984 2438 1035 2480 ab
1069 2438 1261 2480 externis
1287 2437 1453 2479 minute
1491 2434 1755 2488 glandulosis

63 2499 379 2553 puberulisque
406 2498 600 2540 breviter
629 2498 868 2540 linearibus
907 2497 1075 2539 obtusis
1103 2497 1156 2538 ad
1182 2496 1352 2538 interna
1385 2494 1573 2535 scariosa
1614 2493 1754 2534 ciliala

63 2558 304 2600 acuminata
326 2558 495 2599 radium
519 2557 733 2611 aequantia
753 2557 917 2599 sensim
939 2556 1091 2606 auctis,
1114 2555 1289 2597 achenio
1308 2554 1490 2604 hirsute,
1508 2551 1638 2606 pappi
1659 2563 1752 2593 sor—

64 2615 149 2658 didi
177 2617 280 2659 setis
304 2617 424 2670 apice
447 2616 659 2669 plumosis
697 2622 733 2663 26
747 2649 755 2657 .

107 2689 208 2726 Hah.
228 2691 269 2725 in
286 2690 419 2726 Persis
435 2690 519 2725 loco
541 2700 620 2725 non
637 2691 771 2725 notato
790 2688 928 2733 (Auch.
946 2688 1060 2724 3232!
1075 2688 1114 2722 in
1131 2696 1205 2722 nc.
1222 2685 1362 2730 herb.)

105 2752 246 2789 Caules
265 2753 422 2799 pedales
437 2754 585 2797 tenues,
602 2752 696 2787 folia
714 2751 899 2787 radicalia
911 2761 996 2786 cum
1010 2750 1154 2796 petiole
1171 2749 1191 2784 1
1212 2746 1520 2799 ¹l2-1-pollicaria
1536 2745 1612 2798 272
1623 2743 1749 2778 lineas

56 2798 309 2845 lata‚caulina
328 2799 452 2835 multo
471 2799 634 2841 minora,
649 2799 819 2845 capitula
847 2798 904 2834 eis
924 2797 954 2833 I.
968 2797 1135 2844 Conyzce
1150 2795 1313 2830 minora.
1334 2794 1470 2829 Affinis
1491 2793 1583 2845 facie
1604 2794 1640 2825 et
1657 2790 1747 2843 ‹elia-

55 2849 147 2882 raet.
185 2846 216 2883 I.
235 2846 456 2883 multicauli
477 2846 544 2882 sed
562 2857 641 2882 non
674 2846 959 2889 suffrutescens,
990 2844 1120 2880 caules
1140 2844 1178 2878 in
1201 2841 1427 2877 rhizomatis
1443 2838 1636 2885 capitibus
1656 2836 1747 2871 soll-

54 2894 151 2939 tarii‚
167 2893 361 2931 involucri
375 2893 514 2941 phylla
533 2904 609 2930 non
629 2895 742 2929 acuta
762 2903 830 2928 nec
843 2893 950 2938 apice
970 2901 1146 2935 recurva,
1163 2900 1313 2936 pappus
1327 2887 1506 2923 sordidus
1531 2897 1600 2920 uec
1617 2884 1742 2919 allius.

114 3010 178 3051 17.
212 3009 251 3053 1.
279 3009 648 3053 multicaulis
684 3009 745 3062 (F.
785 3011 825 3051 01
854 3008 905 3050 M.
941 3006 1034 3048 Ind.
1073 3005 1090 3046 Ι
1126 3005 1300 3057 Petrop.
1331 3016 1370 3057 p.
1408 3000 1482 3055 30]
1520 2999 1611 3041 basi
1655 2998 1743 3040 sus-
