2095 3206
263 185 336 223 204
993 196 1239 224 composrrAE.
1739 187 1966 226 Pulz‘carz'a.

266 275 360 314 tum
402 269 708 314 ramosissimis
746 269 1300 324 paniculato-corymbosis‚
1346 270 1459 313 foliis
1508 270 1975 324 obovato-spathulatis

266 329 435 372 obtusis
478 329 649 382 rugosis
697 329 1087 384 undulato-crispis
1133 332 1295 382 praeter
1341 328 1490 372 infima
1537 329 1972 383 semiamplexicauli—

266 387 534 437 auriculatis,
560 387 717 429 rameis
755 387 948 430 minimis
988 387 1167 439 crebris,
1207 388 1408 441 capitulis
1445 387 1626 430 minutis
1651 389 1975 443 terminalibus,

265 446 527 502 pedunculis
566 447 731 488 minute
769 447 1077 501 squamulosis‚
1114 446 1330 489 involucri
1357 446 1506 500 pallidi
1542 447 1704 500 phyllis
1740 448 1974 501 puberulis

266 505 414 560 paucis
440 504 899 558 oblongo-lanceolatis
925 505 1235 548 subherbaceis
1261 505 1549 559 inaequalibus
1576 506 1694 549 disco
1719 506 1850 561 duplo
1873 507 1972 550 bre·

265 564 476 614 vioribus,
520 563 662 617 ligulis
703 564 851 617 paucis
895 564 1062 606 discum
1102 577 1185 606 non
1224 563 1550 617 excedentibus,
1594 566 1723 619 pappi
1764 566 1974 608 coronula

264 623 481 676 profunde
501 623 616 665 fissa.
636 623 741 665 setis
758 624 1003 666 numerosis
1017 623 1268 665 barbellatis
1286 623 1464 665 achenio
1479 623 1533 665 du
1541 624 1611 676 plo
1623 623 1890 678 longioribus
1904 628 1971 675 (D.

265 680 312 722 P.
339 680 638 733 ynaplzalodes
686 680 812 724 Boiss
851 682 1003 734 Diagn.
1032 681 1124 724 Ser.
1154 683 1186 730 I.
1211 684 1251 735 6,
1276 695 1316 737 p.
1342 684 1408 724 76.
1437 707 1486 712 --
1514 681 1750 724 Strabonia
1771 681 1973 736 gnapha-

263 737 381 781 lodes
407 753 488 782 nc.
516 740 670 783 Prodr.
699 739 747 791 V,
776 754 814 795 p.
840 740 939 783 481.

312 813 417 848 Hah.
438 814 479 849 in
502 813 748 860 rupestribus
768 814 912 849 Persiae
939 814 1023 849 bor.
1045 814 1093 849 ad
1116 814 1268 850 radices
1299 815 1447 850 montis
1479 814 1624 850 Elbrus
1643 814 1761 860 (Oliv.
1781 817 1819 851 et
1838 814 1947 861 Brug
1962 843 1975 861 ,

264 860 375 895 Auch
411 861 549 904 47401).
565 871 684 907 prope
704 860 887 896 Mesched
906 861 1051 906 (Egel),
1073 861 1216 897 Persiae
1239 862 1379 897 mediae
1400 872 1518 908 prope
1536 862 1720 898 Kaschan
1740 864 1777 897 et
1793 862 1972 899 Schurab

264 907 491 952 (Hausski),
514 909 552 942 in
573 910 730 953 regione
746 908 918 944 inferiori
936 910 1082 944 montis
1101 908 1276 944 Karatau
1294 909 1571 944 Turkestaniae-
1585 920 1702 956 supra
1721 908 1973 946 Samarkand

263 954 454 999 (Lehnil).
477 955 517 989 in
536 955 748 1000 Affghania
768 955 932 1000 [GriffU⁷
949 956 1051 991 eirca
1071 956 1195 991 Herat
1212 956 1365 1002 (Bge2).

313 1019 446 1055 Facies
468 1019 509 1054 P.
526 1019 731 1055 zmdzclatae
749 1020 816 1057 sed
835 1020 994 1057 densius
1012 1020 1159 1065 lanata,
1177 1020 1273 1056 folia
1290 1021 1397 1056 infer.
1418 1021 1546 1066 magis
1572 1021 1813 1067 spathulata‚
1831 1020 1974 1068 phylla

264 1067 445 1102 breviora
461 1066 770 1109 he1·l)acea‚setae
789 1069 908 1115 pappi
923 1070 1004 1103 tota
1018 1067 1264 1113 longitudine
1283 1078 1353 1103 nec
1370 1069 1477 1115 apice
1493 1069 1732 1104 barbellatae.
1749 1069 1972 1105 Achenium

264 1116 363 1150 teres
383 1124 450 1149 nec
468 1124 738 1161 compressum
757 1117 795 1150 et
813 1115 900 1151 ideo
918 1114 1133 1151 Strabom‘a
1159 1115 1269 1150 nulla
1289 1116 1371 1151 tota
1388 1126 1411 1151 a
1431 1114 1639 1153 Pulz'carz'ci
1659 1116 1800 1152 differt.

323 1232 360 1272 8.
395 1229 453 1271 Ρ.
489 1228 757 1284 vulgaris
790 1227 974 1285 (Gaertn.
1002 1229 1071 1272 Fr.
1101 1229 1152 1276 Il,
1180 1242 1218 1283 p.
1248 1230 1329 1271 461
1363 1230 1447 1272 tab.
1483 1230 1584 1284 173)
1611 1243 1755 1273 annua
1777 1231 1973 1284 crispule

261 1292 519 1339 tomentosa,
554 1289 675 1330 caule
703 1290 791 1331 fere
816 1302 839 1331 a
863 1288 954 1331 basi
982 1291 1130 1332 stricte
1161 1300 1331 1331 ramoso
1356 1289 1973 1343 paniculato-subcoryinboso

263 1348 483 1400 ramisque
502 1348 677 1398 crassis,
704 1347 815 1390 foliis
844 1348 1036 1391 obsolete
1059 1351 1099 1390 et
1123 1350 1287 1390 remote
1311 1347 1803 1401 repando-denticulatis
1828 1347 1974 1391 undu·

262 1406 362 1450 latis
384 1406 667 1448 inferioribus
691 1407 888 1459 oblongis
920 1407 962 1448 in
986 1407 1194 1461 petiolum
1222 1406 1458 1449 attenuatis
1503 1406 1805 1460 superioribus
1827 1420 1851 1450 a
1878 1406 1972 1451 basi

262 1466 677 1519 semiamplcxicauli
718 1466 1190 1518 oblongo-lanceolatis‚
1228 1465 1429 1518 capitulis
1472 1467 1622 1520 parvis
1662 1466 1972 1510 terminalibus

261 1525 522 1579 pedunculis
550 1524 759 1566 brevibus
788 1536 917 1579 parce
941 1525 1141 1568 foliolatis
1166 1524 1230 1568 vel
1258 1525 1385 1567 nudis
1411 1524 1616 1578 suffultis,
1649 1524 1861 1567 involucri
1890 1525 1971 1567 vil·

259 1583 342 1626 losi
386 1584 548 1638 phyllis
588 1584 811 1637 adpressis
849 1583 1274 1626 lineari-lanceolatis
1317 1584 1589 1632 acuminatis.
1631 1584 1774 1638 ligulis
1811 1582 1971 1628 erectis

260 1643 429 1685 discum
455 1642 524 1684 vix
552 1643 879 1695 superantibus.
906 1644 1033 1697 pappi
1061 1642 1267 1686 coronula
1289 1642 1504 1692 laciniam,
1531 1644 1636 1686 setis
1664 1643 1771 1685 8-10
1795 1643 1969 1687 corollae

260 1705 302 1746 et
330 1701 508 1744 achenio
531 1703 874 1755 subaequilongis
903 1707 967 1753 Θ.
998 1702 1052 1744 Ic.
1079 1702 1138 1744 Fl.
1164 1701 1271 1743 Dan.
1298 1704 1324 1742 t.
1348 1703 1447 1744 613.
1472 1726 1525 1732 -—
1551 1701 1685 1746 Rchb.
1711 1702 1856 1746 Germ.
1881 1701 1970 1745 tab.

261 1762 358 1803 933.
389 1785 447 1791 —
474 1761 606 1803 Innla
630 1760 851 1812 pule'eare‘a
875 1762 921 1804 L.
951 1760 1022 1816 Sp.
1052 1762 1173 1804 1238.
1201 1786 1256 1791 —-
1281 1761 1328 1803 P.
1354 1760 1530 1802 dentata
1554 1760 1684 1804 Guss.
1710 1759 1813 1815 Syn.
1842 1759 1897 1811 Π,
1926 1773 1966 1815 p.

260 1821 343 1862 50⁰2
384 1824 426 1863 et
462 1820 594 1862 Rchb.
648 1819 697 1860 lc.
728 1820 872 1862 Germ.
902 1824 931 1863 t.
964 1823 1047 1863 933
1075 1833 1160 1862 non
1187 1833 1272 1863 uc.
1315 1846 1368 1850 —
1409 1819 1455 1861 P.
1481 1820 1698 1861 undulata
1733 1819 1830 1862 C.A.
1855 1819 1966 1874 Mey.

256 1880 413 1922 Enum.
443 1883 485 1921 et
507 1878 665 1921 Ledeb.
695 1879 756 1921 Fi.
788 1880 913 1922 Ross
936 1891 1020 1922 non
1044 1892 1124 1922 ω).
1149 1903 1198 1908 —-
1231 1879 1278 1920 P.
1299 1878 1523 1932 pratensis
1546 1879 1724 1922 Scheele
1751 1879 1860 1921 Linn
1897 1880 1969 1931 18,

305 2012 404 2047 Hab.
435 2012 476 2048 in
497 2013 671 2048 humidis
703 2013 920 2060 praesertim
951 2013 1093 2059 hyeme
1126 2013 1329 2049 inundatis
1358 2013 1521 2049 Graeciae
1547 2012 1588 2048 in
1614 2013 1745 2049 insula
1764 2013 1970 2059 Zacyntho

257 2059 434 2105 (Margi),
454 2060 640 2105 Argolide
659 2060 809 2106 (Sarti),
830 2060 979 2097 OEtolia
995 2060 1200 2105 (Samari),
1218 2060 1427 2096 Thessalia
1444 2060 1583 2107 (Orph.
1606 2060 1663 2096 Fl.
1681 2061 1747 2096 Gr.
1762 2071 1842 2096 exs.
1859 2061 1968 2107 748),

256 2107 488 2143 Macedonia
509 2111 547 2142 et
576 2107 784 2143 Thessalia
816 2108 971 2153 (Frivl),
1003 2109 1097 2143 Asia
1126 2109 1277 2143 minore
1308 2107 1485 2152 (Simu),
1517 2108 1691 2154 Phrygia
1721 2108 1770 2143 ad
1800 2107 1966 2145 Ouchak

257 2154 347 2199 (Bal
365 2157 398 2197 ἵ),
432 2155 571 2190 Tauria
605 2157 641 2189 et
671 2155 847 2191 Caucaso
868 2155 1014 2200 (MR),
1039 2155 1351 2191 Transcaueasia
1380 2155 1430 2190 ad
1460 2154 1668 2191 Lenkoran
1696 2155 1746 2190 ad
1774 2155 1967 2198 Caspium

256 2201 461 2247 dionem),
482 2202 669 2238 Cataonia
686 2205 724 2237 et
741 2202 997 2238 Kurdistania
1014 2203 1168 2238 Persica
1185 2202 1401 2246 (Hausskl)
1420 2202 1476 2237 Fi.
1500 2204 1602 2248 Aug.
1619 2202 1722 2249 Sept.

302 2265 352 2300 Ar
388 2265 520 2311 Geoqr.
546 2265 703 2312 Europa
721 2265 850 2302 omnis
867 2266 920 2300 ab
938 2265 1086 2312 Anglia
1104 2267 1140 2301 et
1158 2266 1305 2302 Gothia
1324 2266 1374 2302 ad
1406 2267 1587 2302 Rossiam
1606 2267 1789 2312 mediam,
1820 2266 1965 2304 Sihiria

257 2312 460 2347 Uralensis
480 2316 518 2347 et
540 2312 705 2356 Altaica,
727 2313 942 2358 Himalaya
960 2313 1223 2358 occidentalis,
1245 2313 1374 2349 Africa
1394 2314 1576 2350 borealis.

315 2427 353 2468 9.
389 2425 446 2468 Ρ.
481 2426 740 2470 Armena
771 2427 929 2481 (BoiSS.
957 2431 1000 2472 et
1034 2428 1114 2483 Ky.
1155 2428 1200 2470 in
1237 2429 1317 2483 Ky.
1358 2441 1448 2471 eXS.
1495 2430 1624 2485 1859)
1663 2443 1808 2473 annua
1849 2429 1964 2473 hirta

256 2485 432 2528 humilis
464 2498 485 2527 a
522 2486 614 2528 basi
642 2486 915 2530 divaricatim
955 2487 1196 2531 dichotoma
1225 2487 1355 2531 ramis
1391 2488 1614 2540 tenuibus,
1653 2489 1764 2544 foliis
1799 2489 1963 2533 infimis

254 2544 450 2597 oblongis
484 2544 576 2586 basi
609 2545 845 2588 attenuatis
869 2547 1038 2589 caeteris
1067 2546 1417 2600 ovato-oblongis
1444 2546 1537 2590 basi
1561 2548 1963 2602 semiamplexicau-

253 2603 384 2653 libus,
424 2604 625 2656 capitulis
664 2605 812 2657 parvis
847 2606 1167 2655 terminalibus
1200 2605 1459 2660 pedunculis
1491 2607 1696 2650 tenuibus
1729 2607 1860 2650 nudis
1892 2607 1964 2650 vel

252 2662 397 2705 foliolo
428 2662 668 2711 instructis,
705 2663 919 2706 involucri
960 2665 1117 2719 phyllis
1155 2665 1365 2719 adpresse
1391 2665 1518 2707 hirtis
1551 2665 1789 2708 linearibus
1824 2666 1964 2710 acutis

250 2721 476 2774 adpressis
500 2721 724 2764 nonnullis
746 2722 1031 2766 inferioribus
1059 2723 1339 2769 abbreviatis,
1369 2723 1515 2777 ligulis
1539 2724 1708 2766 discum
1729 2725 1802 2767 vix
1829 2737 1963 2778 supe·

252 2778 466 2829 rantibus,
507 2780 636 2835 pappi
669 2782 876 2824 coronula
912 2782 1126 2831 laciniata‚
1151 2783 1256 2826 setis
1294 2784 1402 2824 6-10
1435 2783 1664 2826 achenium
1685 2782 1962 2837 aequantibus

249 2837 410 2881 corolla
433 2839 713 2882 brevioribus
740 2843 804 2891 Θ.

298 2911 402 2947 Hah.
424 2913 462 2947 in
484 2912 658 2948 humidis
680 2913 879 2950 Armeniae
896 2913 1071 2955 Turcicae
1091 2914 1192 2950 circa
1212 2915 1396 2951 Erzerum
1415 2914 1579 2960 (Calvi),
1601 2914 1651 2951 ad
1670 2925 1817 2962 pagum
1836 2914 1962 2951 Gum-

249 2968 331 3004 gun
352 2970 459 3005 prov.
481 2959 620 2995 Musch
643 2959 736 3005 (Ky.
755 2960 861 3005 4892)
880 2960 935 2996 Fl.
955 2963 1053 3008 Aug.
1075 2961 1176 3008 Sept.
