2066 3296
87 211 327 248 Leontodon.
817 221 1062 249 composxrAE.
1728 219 1798 257 733

87 292 248 347 phyllis
266 292 475 346 adpresse
495 291 731 335 imbricatis
751 292 847 334 latis
865 292 1035 336 obtusis
1053 294 1104 336 ab
1124 296 1318 338 externis
1338 295 1532 350 oblongis
1550 298 1601 339 ad
1620 299 1793 342 interna

85 352 321 394 lanceolata
363 350 573 404 elongatis
616 354 778 405 praeter
818 351 1123 395 indumentum
1168 353 1477 397 brevissimum
1526 357 1786 411 adpressum

91 411 285 463 margine
318 412 360 452 et
392 410 444 452 ad
478 420 662 452 nervum
696 409 796 463 pilis
835 409 944 452 albis
978 411 1096 464 apice
1136 412 1317 456 stellatis
1358 413 1513 457 validis
1553 416 1790 469 pectinato-

87 468 253 522 cibatis,
290 468 480 511 acheniis
514 467 780 521 longissimis
813 468 978 511 st-riatis
1015 470 1184 523 asperis
1220 483 1242 511 a
1278 471 1420 514 medio
1454 485 1630 516 sursum
1668 475 1792 517 valde

87 528 337 579 attenuatis,
361 527 490 582 pappi
511 526 676 569 sordidi
700 526 878 569 achenio
899 527 1201 572 subbrevioris
1224 530 1329 573 setis
1353 531 1554 574 omnibus
1578 533 1793 577 similibus

86 586 299 638 plumosis
328 586 575 627 numerosis
610 586 741 627 30-35
783 585 874 627 basi
914 599 999 628 non
1031 586 1218 629 dilatatis
1267 595 1325 636 26.
1370 590 1566 643 Apamia
1598 591 1792 644 strigo-sa

86 643 190 686 M.B.
220 645 350 688 Taur.
377 644 501 686 Cauc.
530 644 580 696 ΙΙ,
605 658 645 699 p.
669 644 768 686 249.
788 668 842 675 —
867 644 1151 687 Astarothrisc
1173 647 1422 698 asperrima
1440 647 1557 692 Cass.
1586 650 1695 692 Dicl.
1721 652 1790 696 48,

81 715 128 756 p.
161 705 260 746 434.

130 787 234 823 Hah.
255 788 295 822 in
314 786 483 823 collibus
503 786 615 821 siccis
632 787 669 821 et
688 785 887 821 montanis
906 785 1041 831 Lydiae
1060 787 1097 822 in
1117 788 1275 833 regione
1290 789 1350 824 inf
1379 790 1573 825 montium
1591 791 1638 826 ad
1655 791 1789 837 Smyr·

83 845 178 872 nam
201 834 332 877 (Boiss
345 836 382 878 l),
406 834 530 868 Cariae
549 833 681 877 (pini),
698 832 828 878 Lyciae
848 832 1008 877 (Bourg.
1027 834 1143 879 1711),
1162 835 1211 870 ad
1239 836 1386 872 radices
1407 837 1539 873 Tmoli
1558 838 1732 882 (Boissl),
1748 840 1786 873 in

79 881 222 918 Cilicia
239 882 338 917 circa
357 879 487 916 Gnlek
507 879 635 924 (Ball)
656 883 693 915 et
710 879 751 915 in
770 879 917 915 ditione
935 879 1089 916 Kassan
1114 881 1246 927 Oghlu
1274 883 1400 928 (Kyl)‚
1421 884 1534 930 Syria
1562 885 1711 921 boreali
1738 886 1787 920 ad

87 928 233 965 Aintab
252 928 390 972 (Auch.
409 926 712 971 33141),Libano
728 927 777 962 ad
795 926 904 962 Eden
920 929 957 962 et
975 927 1134 963 Hasrun
1153 929 1285 973 (Boiss
1298 931 1304 964 l
1318 930 1361 965 Bl
1379 933 1416 976 !)‚
1435 931 1720 978 Mesopotamia
1739 933 1787 968 ad

77 976 191 1017 Orfa,
218 975 373 1011 Mar-,lin
399 977 467 1010 etc.
498 974 625 1019 (Kyn,
654 974 779 1009 Ponto
806 976 842 1008 et
866 974 1053 1010 Armenia
1080 975 1243 1012 Turcica
1269 977 1431 1021 (Tchihl
1460 978 1639 1024 Bourgl),
1664 979 1788 1015 Iberia

76 1023 294 1058 *Caucasica
312 1026 348 1058 et
362 1031 470 1069 prov.
489 1020 663 1066 Talysch
678 1020 826 1065 (Ledeb
839 1021 876 1065 l),
892 1021 1023 1057 Persia
1042 1021 1190 1058 boreali
1208 1024 1255 1059 ad
1272 1023 1420 1060 radices
1438 1025 1668 1062 Demavend
1683 1026 1786 1062 6000‘

131 1141 305 1177 Achenia
326 1140 414 1176 9-10
441 1139 566 1176 lineas
589 1140 729 1186 longa;
749 1137 933 1185 capitulis
960 1141 995 1175 et
1021 1140 1171 1187 phyffis
1199 1142 1393 1188 elongatis
1420 1143 1641 1188 latioribus,
1668 1145 1786 1192 pappi

80 1188 200 1224 radiis
223 1188 561 1224 numerosioribus
580 1190 617 1223 et
635 1186 820 1223 omnibus
842 1186 1112 1223 conformibus
1131 1199 1154 1224 a
1175 1188 1217 1225 L.
1239 1190 1375 1237 asperi
1393 1190 1529 1226 formis
1549 1191 1787 1235 distinctum,

79 1236 150 1271 sed
172 1246 194 1272 a
215 1234 482 1272 Leontodonte
501 1235 678 1281 generice
698 1243 777 1269 non
798 1232 1098 1279 sejungendum.

142 1384 209 1425 13.
244 1383 298 1426 L.
332 1383 740 1426 Masmeneum
772 1382 931 1436 (Boiss.
961 1385 1002 1425 et
1029 1382 1118 1425 Bal.
1148 1383 1301 1438 Diagn.
1331 1384 1422 1427 Ser.
1452 1384 1508 1437 ΙΙ,
1542 1388 1581 1437 5,
1609 1399 1646 1439 p.
1683 1388 1782 1441 117¹)

78 1445 220 1485 totum
248 1441 348 1495 pilis
374 1441 484 1483 albis
511 1441 720 1484 brevibus
747 1441 895 1495 rigidis
921 1442 1039 1495 apice
1065 1445 1264 1486 truncato
1292 1443 1562 1497 glochidiatis
1590 1447 1782 1500 asperri-

82 1514 216 1554 mum,
245 1500 478 1543 rhizomate
503 1500 713 1550 verticali,
734 1500 876 1555 scapis
904 1500 1112 1543 brevibus
1137 1502 1459 1557 monocephalis
1488 1516 1680 1557 superne
1712 1505 1781 1547 vix

78 1559 333 1602 incrassatis
367 1559 465 1602 folia
496 1571 650 1614 parum
679 1559 1007 1614 superantibus.
1036 1559 1147 1602 foliis
1174 1561 1381 1603 rosulatis
1407 1566 1588 1615 anguste
1614 1564 1781 1605 lanceo-

81 1619 180 1661 latis
206 1618 426 1661 undu-latis
454 1618 642 1661 dentatis
665 1618 860 1661 breviter
884 1618 1135 1670 attenuatis,
1163 1620 1361 1673 capitulis
1384 1622 1677 1664 mediocribus
1698 1623 1782 1664 vir-

78 1677 216 1731 gineis
239 1677 512 1730 nutantibus‚
545 1677 761 1721 involucri
788 1677 952 1720 minute
981 1680 1022 1720 et
1049 1677 1260 1731 adpresse
1289 1679 1493 1733 puberuli
1532 1680 1691 1735 phyllis
1728 1682 1779 1723 ad

79 1749 265 1779 nervum
308 1740 352 1779 et
389 1736 629 1789 marginem
668 1735 834 1779 eisdem
879 1736 979 1791 pilis
1025 1735 1294 1790 glochidiatis
1335 1738 1583 1791 pectinatim
1626 1739 1780 1782 ciliatis

78 1794 272 1838 externis
312 1794 506 1837 breviter
546 1795 793 1837 lanceolatis
841 1795 1026 1837 internis
1071 1794 1545 1849 lineari-acuminatis,
1589 1798 1780 1841 acheniis

70 1857 263 1907 anguste
294 1853 818 1908 prismatico-cylindricis
857 1854 1023 1896 striatis
1056 1855 1224 1909 asperis
1264 1856 1335 1897 vix
1368 1857 1618 1908 attenuatis,
1652 1859 1781 1911 pappi

71 1912 243 1955 ‚sordidi
266 1912 444 1955 achenio
467 1913 769 1955 subbrevioris
795 1913 899 1955 setis
924 1912 1127 1956 omnibus
1151 1915 1446 1957 conformibus
1468 1915 1682 1969 plumosis
1709 1918 1781 1958 15-

80 1971 134 2012 20
165 1970 254 2014 basi
284 1971 356 2013 vix
384 1970 573 2013 dilatatis
606 1977 666 2020 26.
690 1971 736 2014 L.
758 1971 1028 2024 pectinatum
1053 1971 1192 2015 Boiss.
1218 1972 1318 2016 Mss.

123 2051 223 2087 Hab.
245 2053 285 2087 in
304 2053 462 2098 regione
481 2052 615 2100 alpina
634 2053 780 2088 montis
801 2052 1143 2099 Masmeneudagh
1164 2054 1423 2101 Cappadociae
1443 2055 1575 2100 (Ball).

123 2123 236 2171 scapi
256 2125 526 2172 tripollicares‚
542 2125 636 2162 folia
653 2126 676 2162 2
693 2126 856 2173 pollices
875 2126 1008 2173 longa,
1022 2127 1301 2164 indumentum
1320 2130 1579 2175 asperrimum
1605 2133 1641 2166 et
1660 2142 1736 2178 pap
1768 2132 1780 2166 i

76 2173 169 2206 setae
195 2172 414 2209 conformes
442 2175 485 2208 ut
508 2174 547 2208 in
569 2172 614 2209 L.
638 2173 873 2221 asperrimo,
898 2175 966 2210 sed
994 2174 1089 2210 folia
1117 2175 1255 2211 brevia
1274 2177 1476 2221 undulata,
1502 2177 1642 2224 phylla
1659 2178 1711 2213 du
1741 2142 1780 2214 fo

65 2219 494 2264 -angustiora‚aehenia
511 2220 535 2256 5
551 2219 675 2256 lineas
695 2223 848 2256 tantum
869 2221 987 2267 longa
1008 2224 1044 2257 et
1061 2231 1215 2269 pappus
1236 2223 1479 2269 paucisetus;
1503 2225 1620 2260 facies
1635 2224 1679 2260 L.
1731 2226 1781 2262 z's-

76 2265 213 2312 panici
228 2268 411 2302 caeterum
430 2267 703 2303 diversissimi.

649 2448 817 2497 menis
853 2450 916 2509 (ι.
954 2451 1052 2499 cen.
1089 2452 1207 2512 907).

135 2615 381 2671 Capitulum
409 2619 710 2664 multiflorum.
740 2621 1021 2666 Involucrum
1045 2625 1204 2678 saepius
1228 2625 1453 2669 manifeste
1475 2627 1775 2681 calyculatum.

77 2674 413 2729 Receptaculum
450 2678 629 2721 nudum.
657 2678 851 2723 Achenia
890 2684 1140 2725 transverse
1176 2684 1386 2737 rugulosa
1418 2686 1537 2738 apice
1566 2687 1633 2728 vel
1670 2690 1777 2730 atte-

76 2736 209 2776 nuata
230 2735 296 2776 vel
321 2736 551 2778 rotundata
570 2738 641 2780 vel
664 2742 867 2782 rostrata.
893 2740 1067 2795 Pappus
1086 2742 1277 2785 omnium
1303 2744 1370 2785 vel
1389 2744 1620 2787 conformis
1644 2745 1776 2789 radiis

77 2790 168 2834 basi
195 2792 239 2834 in
265 2793 474 2836 annulum
503 2797 699 2839 connatis
725 2797 1010 2842 interioribus
1037 2799 1322 2843 vaiidioribus
1350 2803 1777 2856 plumosis‚exterio·

75 2849 198 2893 ribus
222 2852 500 2905 paucioribus
524 2855 816 2908 piliformibus
840 2857 1066 2907 brevibus,
1089 2860 1158 2901 vel
1181 2860 1458 2903 acheniorum
1482 2862 1590 2905 radii
1615 2863 1777 2917 persis-

77 2909 173 2952 tens
196 2910 301 2953 setis
320 2910 528 2954 brevibus
546 2913 590 2954 in
612 2915 815 2969 cupulam
842 2917 940 2970 plus
964 2917 1109 2960 minus
1133 2919 1299 2961 coalitis
1317 2922 1532 2962 constans.
1559 2946 1602 2951 —
1620 2922 1776 2965 Hcrbae

65 2966 271 3021 ..strigosae
300 2971 608 3025 monocarpicae
638 2973 701 3015 vel
730 2978 1036 3027 perennantes.
