2066 3296
136 231 329 270 Cousz'nia.
871 242 1117 269 COMPOSITAE.
1773 233 1846 270 485

137 317 352 359 dentatam
372 314 723 368 decurrentibus,
742 314 943 368 capitulis
961 315 1110 370 paucis
1129 314 1444 358 subsessilibus
1464 315 1669 358 solitariis
1690 316 1844 358 3040·

137 375 260 418 floris
285 374 437 426 ovatis‚
471 373 686 417 involucri
720 374 948 428 squarrosi
983 374 1143 428 phyllis
1179 376 1312 417 70-80
1337 374 1507 417 inferne
1542 374 1841 418 arachnoideis

136 435 262 486 longe
286 436 328 475 et
353 436 536 487 anguste
562 432 782 475 subulatis
809 433 1104 475 exterioribus
1138 433 1498 476 subbrevioribus
1534 433 1845 487 patentissimis

137 492 520 536 arcuato-deflexis
558 491 727 534 caeteris
764 496 967 534 arcuato·
983 493 1310 546 divergentibus
1349 493 1602 546 penultimis
1640 493 1844 535 flosculos

137 553 279 594 luteos
307 550 721 604 subsuperantibus,
753 551 944 593 achcniis
972 552 1381 606 compressiusculis
1408 552 1638 605 variegatis
1665 551 1841 593 costatis

136 614 392 653 transverse
421 610 642 663 rugulosis
672 610 884 652 truncatis
912 612 1031 665 apice
1056 614 1258 653 truncato
1287 610 1560 652 denticulatis
1598 617 1656 658 26.

184 683 284 720 Hab.
306 685 345 719 in
364 684 498 719 Persia
515 684 601 720 loco
623 694 700 719 non
721 683 894 719 indicato
913 685 1053 728 [Auch.
1076 685 1129 719 No
1145 684 1239 719 4826
1258 685 1292 719 A
1312 684 1350 718 in
1374 683 1480 719 herb.
1504 683 1603 719 Mus.
1623 684 1737 728 Par).
1757 684 1845 719 Non

137 731 232 767 vidi.

185 785 367 833 Capitula
392 786 599 822 simillima
623 787 679 822 eis
699 786 738 822 C.
768 785 982 831 tenm'folz'oe
1006 786 1067 821 cui
1096 785 1197 821 hanc
1224 786 1393 832 speciem
1417 786 1456 820 in
1484 786 1623 831 Diagn.
1649 786 1729 821 Sar.
1750 786 1793 827 11,
1812 786 1847 830 3,

139 845 174 881 p.
190 834 238 869 59
256 834 527 877 adnumeravi,
546 835 613 869 sed
634 836 743 869 amic.
775 834 912 879 Bunge
938 832 1173 868 observante
1195 833 1313 868 ambo
1342 832 1448 868 foliis
1474 833 1626 868 differre
1647 833 1842 877 videntur,

139 884 341 927 segmenta
371 882 410 916 in
432 881 470 917 C.
499 879 705 927 tenuz'folz'd
735 881 852 926 longe
884 880 1257 915 lineari-lanceolata
1288 883 1427 926 praeter
1458 881 1607 926 apicem
1640 881 1847 926 spinosum

138 929 402 974 integerrima,
422 929 461 963 in
490 928 529 965 C.
553 926 738 965 erz'naced
760 934 890 963 autem
911 927 1082 963 breviter
1110 927 1362 973 triangularia
1381 927 1618 962 denticulata
1639 938 1848 962 mucronu-

138 975 220 1011 lata
276 976 379 1011 otius
398 987 518 1022 quam
544 977 717 1022 spinosa,
736 975 833 1011 folia
853 974 1042 1010 radicalia
1060 974 1211 1010 ambitu
1235 974 1276 1009 in
1301 974 1420 1020 priori
1442 974 1625 1019 oblonga,
1653 975 1692 1009 in
1719 977 1848 1020 poste-

139 1023 231 1059 riori
263 1023 485 1068 anceolata3
505 1023 678 1070 capitula
698 1022 736 1059 C.
761 1023 951 1058 erinaceae
973 1032 1022 1057 ex
1039 1022 1148 1057 icone
1168 1022 1396 1067 submajora
1415 1021 1611 1056 videntur.

200 1140 270 1182 64.
311 1139 367 1183 C.
405 1138 703 1182 eriobasis
736 1138 844 1195 (Bge
871 1138 1002 1181 Cous.
1030 1151 1070 1192 p.
1097 1137 1173 1193 37)
1192 1137 1375 1187 biennis,
1398 1137 1520 1179 caule
1544 1137 1696 1179 humili
1721 1148 1849 1189 parce

139 1198 594 1253 corymboso-ramoso
620 1199 819 1249 floccoso‚
844 1198 956 1240 foliis
975 1194 1617 1239 arachnoideo-canescentibus
1641 1196 1849 1237 sinuatim

139 1257 469 1313 pinnatilobatis
503 1258 695 1310 spinosis
727 1257 1009 1299 inferioribus
1043 1257 1114 1298 vix
1147 1255 1361 1310 petiolatis
1396 1254 1848 1307 oblongo-lanceolatis

140 1316 447 1371 superioribus
471 1317 611 1359 ovatis
635 1317 729 1359 basi
752 1316 928 1358 cordata
951 1315 1222 1367 subadnatis‚
1240 1314 1440 1368 capitulis
1464 1314 1659 1355 breviter
1684 1314 1850 1367 pedun-

142 1376 297 1418 culatis
324 1389 348 1418 a
373 1376 466 1417 basi
490 1377 901 1418 truncato-concava
924 1374 1114 1428 globosis
1139 1374 1430 1423 60-70-ss01·is‚
1461 1373 1670 1414 involucri
1698 1373 1849 1414 arach-

139 1435 283 1478 noidei
309 1435 468 1489 phyllis
494 1435 627 1477 75-80
652 1434 899 1476 lanceolatis
922 1435 1113 1476 acerosis
1147 1433 1310 1475 intimis
1334 1431 1551 1479 recurvis,
1575 1431 1849 1474 intermediis

141 1494 484 1548 erecto-patulis,
518 1494 685 1536 intimis
722 1493 927 1536 scariosis
962 1492 1215 1535 Stramineis
1251 1491 1508 1533 acuminatis
1545 1489 1851 1532 ciliato-denti-

140 1552 311 1602 culatis,
350 1552 543 1596 flosculis
585 1553 774 1608 pallidis,
799 1552 991 1594 acheniis
1028 1550 1320 1607 (junioribus)
1359 1549 1558 1592 elevatim
1597 1549 1851 1604 quadricos-

140 1613 242 1655 tatis
270 1612 339 1668 Θ.

187 1677 292 1714 Hal).
320 1677 361 1713 in
386 1678 529 1724 apricis
551 1677 695 1714 Persiae
717 1677 857 1714 mediae
879 1677 980 1712 inter
998 1677 1088 1713 Nau
1110 1674 1317 1712 Ghumbes
1339 1677 1376 1710 et
1395 1674 1655 1710 Ischredabad
1682 1675 1722 1709 in
1744 1674 1808 1709 via
1826 1684 1850 1709 a

141 1724 235 1761 Jezd
254 1724 305 1760 ad
322 1724 493 1772 Ispahan
514 1725 661 1771 (Bget).

187 1788 450 1835 semipedalis
468 1789 533 1825 vel
552 1788 673 1836 paulo
693 1789 842 1832 elatior,
863 1787 1036 1835 capitula
1053 1787 1205 1834 absque
1219 1787 1343 1833 spinis
1361 1789 1438 1821 tres
1453 1785 1577 1821 lineas
1594 1784 1725 1830 longis
1743 1783 1849 1819 avel-

139 1835 231 1872 lana
256 1836 374 1883 paulo
405 1836 574 1882 majora;
599 1836 753 1872 flosculi
781 1836 929 1883 pallide
957 1835 1163 1871 straminei
1187 1835 1378 1870 videntur.
1407 1832 1564 1868 Collum
1589 1832 1706 1868 dense
1731 1841 1849 1877 squa-

143 1886 295 1919 matum
332 1886 567 1931 stupposum
588 1884 691 1920 unde
710 1894 867 1919 nomen.
894 1882 1088 1930 Capitulis
1114 1882 1241 1917 affinis
1267 1881 1304 1917 C.
1328 1880 1500 1927 hystrici,
1526 1879 1595 1915 sed
1619 1878 1740 1915 caulis
1771 1887 1850 1913 non

140 1930 282 1975 alatus,
302 1931 398 1967 folia
418 1941 495 1967 non
518 1934 634 1975 secta,
651 1931 881 1978 phyllorum
905 1932 1029 1977 spinae
1052 1929 1264 1968 breviores,
1282 1927 1444 1964 achenia
1463 1926 1681 1962 dissimilia.
1698 1925 1792 1961 Haec
1814 1927 1851 1960 et

140 1988 308 2025 sequens
338 1979 390 2014 ob
409 1978 566 2014 corollae
592 1978 764 2015 colorem
793 1978 984 2014 incertum
1009 1976 1216 2024 purpureis
1235 1976 1367 2012 forsan
1393 1974 1523 2021 aptius
1541 1971 1849 2009 adnumerandae

140 2028 244 2061 sunt.

202 2143 271 2184 65.
315 2141 372 2185 C·
413 2141 878 2197 lachnosphaera
912 2140 1029 2195 (Bge
1072 2138 1198 2181 Cous
1239 2151 1278 2191 p.
1313 2136 1393 2192 36)
1432 2135 1602 2178 biennis
1640 2135 1849 2189 adpresse

142 2214 261 2247 cana,
283 2202 404 2244 caule
421 2205 565 2244 erecto
586 2213 715 2256 parce
737 2212 928 2249 ramoso,
951 2199 1061 2242 foliis
1080 2197 1363 2240 radicalihus.
1386 2228 1395 2237 .
1417 2228 1424 2237 .
1448 2195 1630 2238 caulinis
1654 2194 1849 2246 oblongis

142 2261 296 2303 crebre
326 2260 602 2303 denticulatis
633 2260 826 2303 tenuiter
861 2257 1103 2312 spinulosis
1144 2256 1235 2298 basi
1274 2256 1443 2298 adnatis
1482 2254 1550 2296 vel
1588 2253 1849 2295 brevissime

142 2319 493 2365 decurrentibus.
527 2319 726 2373 capitulis
764 2317 1072 2362 terminalibus
1111 2315 1303 2358 breviter
1340 2311 1644 2369 pedunculatis
1687 2311 1849 2364 glabris

143 2378 437 2432 50-60-fl0ris,
464 2378 680 2421 involucri
705 2377 868 2432 phyllis
896 2377 1030 2419 70-80
1047 2375 1216 2417 inferne
1244 2375 1340 2416 lana
1363 2373 1495 2415 densa
1522 2371 1618 2414 alba
1640 2370 1849 2412 involutis

141 2437 186 2479 in
203 2438 353 2491 spinas
375 2437 701 2490 glabrescentes
724 2437 911 2480 reflexas
930 2439 973 2478 et
995 2436 1195 2489 patentes
1223 2436 1374 2475 tenues
1398 2430 1614 2473 involucri
1639 2429 1849 2471 diametro

141 2496 389 2551 quadruplo
415 2496 643 2539 breviores
672 2496 951 2547 abeuntibus,
987 2492 1154 2536 intimis
1187 2491 1390 2534 scariosis
1422 2491 1547 2543 longe
1578 2487 1850 2540 acuminatis,

140 2556 332 2599 acheniis
359 2555 537 2598 eost-atis
564 2557 820 2598 transverse
849 2552 1072 2608 rugulosis
1098 2551 1166 2606 (D.

187 2629 289 2665 Hab.
313 2631 413 2665 inter
437 2629 712 2665 Kehris-deme
736 2631 774 2664 et
801 2627 973 2663 Feridun
998 2629 1116 2673 atque
1140 2625 1181 2660 in
1208 2624 1410 2660 montibus
1439 2622 1559 2658 Kerat
1588 2620 1679 2656 Kuh
1707 2619 1851 2655 Persioe

141 2676 343 2713 orientalis
364 2676 589 2723 Affghaniae
609 2676 787 2712 finitimae
803 2675 950 2721 (Bgel).

190 2740 262 2776 Vix
282 2740 442 2787 pedalis,
460 2739 636 2787 capitula
654 2739 804 2786 absque
829 2738 956 2785 spinis
976 2746 1082 2783 saepe
1101 2733 1387 2780 magnitudinae
1422 2732 1545 2777 nucis,
1564 2730 1717 2784 flosculi
1738 2739 1786 2764 ex
1804 2729 1849 2782 cl.

141 2786 223 2833 Bge
241 2787 379 2823 ssavidi
404 2786 598 2823 videntur.
625 2786 748 2822 Foliis
766 2785 938 2821 caulinis
960 2782 1149 2819 brevibus
1170 2781 1390 2817 latiusculis
1412 2780 1582 2815 breviter
1601 2775 1851 2831 denticulatis

141 2834 268 2871 affinis
293 2834 331 2871 C.
352 2834 465 2881 affini
483 2834 615 2870 differt
637 2833 835 2869 involucri
865 2832 987 2867 dense
1014 2829 1139 2866 lanati
1159 2829 1285 2875 spinis
1307 2826 1533 2875 patentibus
1565 2824 1752 2878 brewbus
1770 2833 1851 2877 ’nec

140 2881 274 2928 longis
293 2881 487 2926 hamatis;
506 2892 549 2917 ca
580 2880 689 2916 itulis
707 2880 851 2916 lanatis
874 2879 991 2914 refert
1009 2877 1047 2914 C.
1065 2875 1359 2923 Chamoepeuce‚
1380 2874 1450 2910 sed
1463 2873 1560 2909 folia
1579 2872 1850 2907 diver31ss1ma

142 2931 181 2965 et
197 2929 325 2976 spinae
344 2929 540 2964 involucri
584 2928 756 2964 reviores
773 2928 812 2964 et
830 2923 1215 2969 tenuiores,achenia
1232 2921 1452 2958 dissimilia.
1471 2919 1676 2973 Involucro
1691 2927 1849 2964 quoque

141 2975 258 3012 refert
276 2975 314 3012 C.
335 2975 601 3013 Cataom'cam
615 2975 799 3022 capitulis
818 2972 941 3020 duplo
959 2969 1192 3015 minoribus,
1208 2969 1313 3005 foliis
1331 2968 1498 3005 caulinis
1516 2968 1678 3002 minutis
1694 2965 1850 3000 lanceo-

144 3022 236 3059 latis
253 3026 440 3059 caeterum
459 3022 784 3059 diversissimam.
