2095 3206
201 194 250 230 62
934 195 1160 222 RUBMGEAE.
1709 182 1888 219 Galium.

249 276 347 311 Hah.
369 276 409 310 in
427 272 589 309 Graeciae
608 272 739 307 monte
757 269 911 305 Malevo
929 267 1109 314 (OrphD,
1135 266 1318 303 Anatolia
1342 267 1383 302 in
1411 265 1551 301 Tmolo
1576 265 1717 311 (Bali),
1744 266 1895 302 Cadmo

202 323 386 367 (Boiss!)‚
418 320 564 356 Pisidia
592 316 786 362 (Helm-!)‚
818 316 938 361 Lycia
967 316 1016 351 ad
1048 314 1207 350 Elmalu
1235 313 1398 359 (Bourg.
1430 313 1545 358 1321),
1577 313 1708 349 Tauro
1739 313 1894 348 Cilicico

201 370 290 416 (Ky.
312 368 396 404 229!
416 367 539 410 Ball),
564 365 716 400 Libano
741 363 790 399 ad
817 363 962 398 Cedros
984 364 1023 397 et
1045 361 1142 397 alibi
1165 361 1317 406 (Boissl
1336 360 1402 396 Bll
1434 360 1506 405 Ky.
1530 359 1658 405 3191),
1697 360 1895 396 Hermone

203 417 296 462 (Ky.
317 415 401 451 151!
423 413 579 457 Gaill!),
597 411 783 447 Armenia
798 410 961 445 Turcica
977 409 1036 454 (C.
1055 408 1214 453 Kochl).

264 509 292 532 ε.
326 485 711 541 asparafflfolimn.
749 508 805 514 —
840 482 959 526 Folia
1002 482 1346 524 lineari-setacea
1396 481 1657 524 brevissima
1697 481 1772 522 2-4
1819 480 1894 522 lin.

203 549 340 600 longa.
371 570 423 576 —
452 544 499 587 G.
524 541 896 596 asparafflfolimn
917 541 1055 584 Boiss.
1076 540 1229 593 Diagn.
1259 539 1350 582 Ser.
1377 539 1431 593 II,
1457 541 1500 594 6,
1526 553 1566 594 p.
1594 541 1663 582 91.

253 620 348 655 Hal».
376 619 415 653 in
439 617 592 652 saxosis
618 614 804 651 Parnassi
833 624 952 661 prope
974 613 1162 649 Rachova
1185 614 1222 647 et
1245 612 1406 648 Gourna
1429 612 1655 649 2000’-3000¹
1675 613 1841 658 (Samar.
1855 613 1897 659 !)‚

202 667 243 702 in
263 665 409 701 Cadmo
428 674 548 710 supra
565 662 753 698 Denisleh
773 661 898 696 Cariae
916 660 1092 705 (Boissi).

250 730 402 776 Species
420 727 602 774 polymor
616 726 684 761 )ha
709 724 779 760 sed
800 724 911 770 cujus
936 723 1141 759 varietates
1165 722 1333 757 transitu
1360 722 1566 758 manifesto
1592 723 1896 768 conjunguntur.

206 777 253 814 G.
269 786 435 812 aet-rcum
454 785 473 809 a
493 772 535 810 G.
552 784 596 809 oc
625 772 776 808 roleuco
794 771 852 806 W.
867 770 911 806 K.
927 771 1060 806 forsan
1076 771 1137 805 sat
1150 779 1230 805 non
1243 769 1391 815 differt3
1409 769 1482 805 hoc
1496 771 1627 805 tamen
1642 769 1898 814 distinguitur

202 824 386 860 laevitate,
401 821 504 857 foliis
523 819 780 865 longissimis,
794 817 967 854 antheris
982 817 1153 863 pallidis,
1172 817 1299 851 fructu
1318 817 1469 852 minore
1490 817 1613 862 nigro.
1634 816 1679 853 G.
1696 815 1893 852 ochroleu·

203 881 293 906 cum
311 869 429 904 Wulf.
450 870 507 903 est
525 868 651 902 forma
670 865 717 902 G.
737 865 828 902 veri.

250 935 312 968 Ar.
333 932 463 976 Geoqr.
494 929 701 965 Dalmatia.

265 1049 331 1090 39.
368 1047 429 1089 G.
458 1055 670 1088 verum
697 1045 762 1099 (L.
794 1042 866 1097 Sp.
906 1042 1007 1097 155)
1038 1041 1235 1085 caulibus
1261 1039 1599 1083 ascendentibus
1635 1040 1704 1082 vel
1741 1043 1898 1085 erectis

206 1107 414 1159 elongatis
455 1103 810 1157 subsimplicibus
850 1099 1332 1156 tereti-quadricoslatis
1366 1098 1609 1152 puberulis,
1649 1099 1761 1141 foliis
1797 1101 1901 1154 rigi—

207 1168 319 1211 dnlis
348 1165 451 1205 8-12
475 1166 655 1215 anguste
679 1161 918 1204 linearibus
946 1159 1083 1203 acutis
1106 1158 1375 1200 muci-enatis
1401 1157 1595 1210 margine
1624 1157 1746 1200 valde
1770 1170 1897 1202 revo-

205 1227 307 1270 lutis
351 1234 540 1277 superne
576 1220 756 1263 laevibus
796 1220 864 1262 vel
904 1218 1069 1262 scabris
1111 1218 1266 1259 subtus
1307 1216 1501 1259 breviter
1544 1216 1899 1271 pubescentibus,

206 1283 340 1340 cymis
366 1281 592 1323 confertim
617 1279 867 1322 multifloris
896 1277 1092 1321 breviter
1121 1275 1425 1330 pedunculatis
1448 1277 1490 1316 et
1522 1275 1751 1317 sessilibus
1778 1275 1900 1330 pani—

206 1344 346 1387 culam
374 1342 600 1392 angustam
633 1339 875 1386 elongatam
910 1337 1202 1388 interruptam
1233 1335 1413 1377 densam
1444 1333 1745 1384 formantibus,
1780 1335 1901 1387 pedi-

205 1402 325 1445 cellis
362 1399 569 1441 brevibus
611 1396 846 1439 fructiferis
884 1393 1209 1437 horizontaliter
1248 1392 1520 1447 patentibus,
1547 1392 1720 1434 corollae
1746 1394 1898 1435 ocliro·

207 1463 340 1503 lencae
373 1458 441 1498 vel
476 1456 601 1498 lutea}
634 1455 745 1497 lobis
782 1455 950 1497 obtusis
982 1453 1176 1495 breviter
1206 1450 1455 1506 apiculatis‚
1491 1450 1686 1492 antheris
1713 1451 1899 1505 flavidis,

205 1521 349 1561 fructu
397 1516 489 1557 laevi
533 1514 682 1567 glabro
719 1515 789 1556 vel
835 1511 1090 1567 pubescenti
1123 1516 1181 1558 26.
1225 1509 1273 1551 G.
1317 1508 1610 1551 Rutlcem‘cmn
1643 1509 1712 1551 W.
1753 1509 1825 1565 Sp.
1866 1511 1900 1563 I,

206 1591 246 1631 p.
273 1577 368 1618 597.
400 1598 450 1603 —
479 1573 526 1615 G.
553 1571 795 1614 verosimile
823 1572 872 1613 R.
908 1573 950 1613 et
983 1569 1079 1612 Scb.
1113 1567 1225 1623 Syst.
1254 1568 1329 1615 III,
1351 1582 1390 1622 p.
1419 1565 1504 1608 234
1533 1570 1575 1609 et
1600 1566 1648 1609 G.
1666 1568 1900 1621 Kntzin-yii

206 1636 344 1676 Boiss.
374 1637 414 1676 et
440 1634 585 1674 Buhse
612 1631 736 1672 Aufz.
769 1643 808 1683 p.
841 1630 922 1671 109
950 1629 1118 1683 (formae
1142 1626 1424 1682 lasiocarpaeji.

256 1707 354 1742 Hah.
374 1707 411 1741 in
434 1708 512 1740 tota
529 1703 674 1738 ditione
693 1713 716 1738 a
730 1703 881 1737 Graecia
898 1703 935 1737 et
952 1700 1181 1736 Macedonia
1194 1699 1244 1734 ad
1258 1698 1453 1734 Libanum
1472 1702 1510 1734 et
1524 1698 1763 1734 Hermonem
1777 1698 1901 1744 Syriae

207 1755 269 1799 [Β]
285 1757 292 1789 1
308 1753 459 1796 (31111111).
478 1751 647 1787 Persian]
667 1749 864 1785 borealem
881 1748 1023 1793 (Auchi
1039 1747 1166 1792 Egel),
1185 1757 1208 1781 a
1225 1746 1384 1792 regione
1400 1746 1574 1781 inferiori
1589 1746 1656 1781 ubi
1673 1746 1713 1781 in
1726 1746 1901 1783 humidis

205 1801 425 1849 pratsertim
444 1798 577 1834 crescit
597 1807 721 1843 usque
745 1796 796 1831 ad
815 1799 926 1843 prata
944 1794 1115 1840 regionis
1137 1792 1294 1839 alpinae.
1324 1793 1381 1828 Fl.
1403 1793 1499 1828 AEst.

264 1876 306 1928 β.
335 1871 720 1925 romsmgyuinemn.
748 1894 801 1899 —
826 1868 1169 1920 Glaberrimum,
1207 1867 1307 1909 folia
1340 1865 1567 1909 latiuscula
1598 1877 1712 1921 saepe
1733 1867 1902 1921 sesqui-

206 1935 314 1976 linea
325 1947 361 1974 111
390 1933 473 1974 lata
497 1931 690 1983 margine
721 1930 868 1971 minus
894 1927 1091 1970 revoluta
1115 1930 1158 1969 et
1184 1926 1342 1968 subtus
1368 1925 1530 1978 glabra.
1559 1948 1614 1956 —
1637 1925 1683 1968 G.
1715 1936 1902 1967 consan-

202 1993 412 2046 guineum
438 1990 577 2032 Boiss.
611 1989 762 2041 Diagn.
792 1987 883 2030 Ser.
911 1988 946 2039 I,
968 1988 1008 2038 6,
1034 1998 1074 2039 p.
1099 1986 1166 2027 69.

253 2065 354 2099 Hal).
385 2065 425 2098 in
456 2062 631 2116 herbidis
665 2060 839 2096 humidis
869 2059 1012 2114 alpinis
1049 2058 1245 2112 Armeniae
1273 2056 1446 2111 Turcicae
1477 2055 1527 2091 ad
1565 2055 1834 2110 Palanteuken
1865 2059 1903 2093 et

204 2113 415 2201 plimiliiolntg
439 2108 597 2155 Bingoll
629 2108 719 2154 (ΚΥ.
751 2107 873 2153 5001),
910 2118 950 2143 in
980 2105 1182 2141 montibus
1214 2105 1355 2140 Persi-ae
1385 2103 1657 2139 austro-occid.
1694 2103 1785 2149 (Ky.
1815 2103 1900 2139 5711

253 2221 373 2255 Valde
397 2221 522 2255 variat
540 2219 642 2254 foliis
663 2218 753 2265 plus
771 2218 902 2253 minus
921 2216 1100 2262 angustis
1121 2213 1363 2250 laeviusculis
1381 2213 1446 2248 vel
1467 2212 1724 2256 scaberrimis,
1740 2212 1901 2249 floribus

204 2268 446 2351 ἵξῖἰὶιέἰξῖἒικίὲς
472 2266 530 2301 vel
561 2267 712 2302 intense
743 2265 877 2308 luteis,
905 2262 1089 2311 panicula
1113 2262 1250 2309 glabra
1276 2261 1340 2296 vel
1371 2260 1491 2304 hirta,
1519 2260 1645 2295 fructu
1674 2259 1811 2306 glabro
1837 2260 1901 2296 vel

250 2380 313 2414 Ar.
335 2379 465 2422 Geoqr.
495 2377 650 2421 Europa
678 2374 807 2410 omnis
833 2385 857 2409 a
888 2373 1151 2409 scandinavia.
1181 2375 1219 2408 et
1245 2371 1384 2407 Bossia
1410 2369 1558 2414 media,
1592 2369 1736 2406 Sibiria
1761 2369 1902 2415 omnis,

203 2426 313 2461 India
334 2425 414 2459 bor.
437 2422 700 2466 occidentalis,
716 2421 846 2457 Africa
864 2419 1047 2456 borealis.

265 2542 333 2580 10.
369 2537 428 2580 G.
453 2536 768 2591 Caspicum
805 2535 943 2589 (Stev.
979 2534 1079 2576 Obs.
1119 2533 1175 2587 pl.
1209 2533 1353 2586 Ross.,
1378 2546 1419 2586 p.
1447 2530 1522 2586 70)
1554 2531 1701 2585 patule
1737 2535 1904 2574 tomen·

203 2600 368 2641 tellum.
388 2596 584 2639 caulibus
603 2594 909 2636 crassiusculis
927 2593 1084 2636 erectis
1108 2592 1232 2634 elatis
1251 2590 1458 2633 flexuosis
1478 2601 1669 2643 superne
1688 2589 1904 2632 strictius-

203 2659 296 2698 01111ι
331 2661 369 2698 1-1
416 2657 537 2707 longe
573 2653 770 2704 ramosis,
808 2653 920 2694 foliis
947 2651 1065 2694 senis
1093 2649 1506 2704 elliptico-oblongis
1543 2648 1635 2690 basi
1668 2647 1902 2694 attenuatis

203 2716 369 2757 obtusis
412 2711 726 2755 nnicronulatis
772 2723 906 2764 supra
941 2710 1101 2764 glabris
1142 2710 1300 2751 subtus
1337 2707 1602 2750 tomentellis
1639 2709 1820 2760 anguste
1860 2709 1904 2750 et

204 2773 405 2815 eici-atini
447 2771 670 2823 nervosis,
712 2769 937 2812 floralibus
978 2768 1174 2820 oblongis
1214 2766 1395 2808 minutis
1439 2765 1719 2816 acuminatis,
1764 2765 1902 2818 cymis

206 2832 458 2874 axillaribns
495 2829 721 2871 confertim
754 2828 1004 2870 multifloris
1040 2827 1140 2868 folia
1169 2825 1364 2868 axillaria
1402 2837 1560 2878 parum
1590 2823 1903 2877 superantibus

206 2902 398 2932 pavemus
427 2889 694 2941 interruptos
722 2886 989 2939 paniculatos
1018 2885 1306 2928 formantibus
1333 2883 1636 2936 superioribus
1664 2893 1778 2936 saepe
1801 2894 1903 2924 con-

207 2949 457 2991 fluentibus.
483 2946 705 3002 podicellis
727 2945 910 2998 hispidis
932 2945 1040 2987 flore
1063 2942 1416 2996 sublongiOribus
1442 2941 1719 2995 capillaribus
1742 2940 1903 2983 divari-
