2090 3291
242 270 314 308 732
978 272 1225 300 composrrAE.
1701 261 1950 299 Leontodon.

292 347 395 383 Hah.
416 347 456 382 in
475 344 722 391 rupestribus
745 343 906 379 Pisidiae
961 353 1054 389 rope
1081 352 1229 389 pagum
1253 341 1537 378 Tchelticktcbi
1557 341 1660 378 inter
1685 341 1890 378 Bouldour
1916 343 1956 378 et

246 394 387 431 Adalia
403 394 525 429 situm
545 391 698 436 (Heldr.
720 390 772 438 pl.
788 401 868 426 exs.
891 401 936 426 su
984 389 1029 425 L.
1053 388 1409 436 bz'scutelloefoliol).

293 465 405 501 Folia
430 474 521 500 cum
552 462 697 516 petiolo
721 461 1009 515 8-9-pollicaria
1030 461 1098 515 ea
1124 461 1194 497 lin.
1220 461 1312 506 lata,
1338 461 1444 508 scapi
1470 459 1818 544 12-14-pollicares.
1845 462 1880 497 A
1906 460 1952 497 L.

244 509 851 596 glpgviodpsttfflfficgindumento
870 510 1110 545 breviss1mo
1135 508 1292 545 stellato
1318 517 1416 544 cano
1441 507 1491 543 ad
1516 507 1596 554 phy
1615 507 1654 544 la
1681 518 1839 555 quoque
1863 518 1955 545 con-

310 692 372 733 10.
407 689 462 733 L.
490 687 810 733 adhaerens
834 689 983 744 (Fenal
1007 690 1052 731 in
1080 689 1162 743 Ky.
1190 691 1249 744 pl.
1282 702 1374 733 exs.
1398 688 1522 744 Mss.)
1549 693 1683 733 totum
1717 689 1816 744 pilis
1849 691 1958 734 den-r

246 750 307 793 sis
345 749 555 792 brevibus
581 749 700 804 apice
740 748 923 791 stellatis
954 760 1189 792 canescens
1223 750 1293 792 vel
1327 749 1545 803 incanum,
1570 748 1715 791 radice
1742 749 1952 802 verticali,

245 808 441 851 caulibus
475 808 684 850 flexuosis
711 808 881 850 inferne
907 807 1179 850 divaricatim
1212 807 1492 850 1-4-ram0sis
1516 808 1663 851 rarius
1688 807 1954 852 abbreviatis

249 867 582 920 monocephalis,
609 866 723 908 soliis
760 870 943 920 anguste
977 866 1227 910 lanceolatis
1268 867 1360 909 basi
1396 867 1628 910 attenuatis
1667 867 1847 920 integris
1883 867 1953 911 vel

248 925 580 980 paucidentatis,
618 925 878 979 pedunculis
918 925 1038 979 apice
1073 926 1428 971 subincrassalis,
1461 925 1664 981 capitulis
1699 926 1950 978 majusculis

249 984 458 1038 virgineis
487 984 676 1035 cernuis,
707 984 921 1027 involucri
946 984 1107 1038 phyllis
1128 984 1368 1027 imbricatis
1393 984 1642 1028 lanceolatis
1669 985 1953 1028 acutiusculis

248 1043 346 1097 pilis
363 1043 572 1085 brevibus
590 1043 774 1085 stellatis
795 1043 860 1086 vel
884 1044 1069 1086 ramosis
1088 1043 1419 1087 canescentibus
1441 1044 1494 1085 ab
1517 1043 1709 1086 externis
1730 1043 1781 1085 ad
1802 1044 1954 1086 intima

245 1102 469 1155 elongat-is,
496 1102 688 1144 acheniis
718 1101 908 1144 tenuiter
938 1101 1188 1156 cylindricis
1215 1114 1408 1157 superne
1435 1102 1647 1145 scabridis
1675 1105 1716 1145 et
1749 1103 1821 1144 vix
1847 1106 1955 1146 atte-

246 1161 408 1211 nuatis,
432 1161 564 1215 pappi
588 1161 757 1203 sordidi
784 1161 961 1203 achenio
986 1161 1286 1204 subbrevioris
1313 1162 1419 1205 setis
1446 1161 1660 1215 plumosis
1683 1162 1956 1215 longioribus

250 1221 379 1261 15-020
407 1220 498 1261 basi
528 1219 805 1262 subdilatatis
834 1220 1012 1263 achenio
1044 1221 1171 1263 tertia
1197 1224 1322 1275 parte
1352 1220 1630 1264 brevioribus
1667 1226 1725 1267 26.
1755 1220 1801 1262 L.
1831 1219 1956 1262 diva-

247 1278 436 1320 ricatum
455 1278 593 1321 Boiss.
612 1279 764 1332 DIagn.
787 1278 879 1322 Ser.
902 1279 937 1326 Ι,
966 1280 1033 1331 11,
1057 1293 1099 1334 p.
1128 1280 1181 1322 41
1208 1281 1388 1334 (nomen
1409 1279 1633 1333 antiquius
1657 1279 1734 1321 sed
1753 1279 1960 1323 omnibus

247 1337 398 1380 formis
426 1349 512 1380 non
539 1339 835 1386 conveniens).

295 1412 398 1448 Hal).
427 1413 466 1447 in
495 1412 741 1459 rupestribus
772 1413 895 1448 Tauri
923 1412 1071 1448 Cilicici
1097 1423 1120 1448 a
1142 1413 1252 1459 Pylis
1281 1412 1450 1448 Cilicicis
1477 1412 1527 1448 ad
1552 1413 1753 1458 regionem
1778 1412 1956 1459 alpinam-

250 1458 355 1495 &000³
377 1459 477 1506 (Kyl
497 1459 589 1495 Ball
627 1460 702 1495 sub
728 1459 773 1496 L.
800 1459 1061 1508 oscylepidel),
1088 1470 1208 1507 prope
1234 1460 1430 1496 Ermenek
1458 1460 1593 1506 (Pei-U,
1619 1462 1753 1496 monte
1780 1459 1955 1506 Alidagh

247 1506 508 1553 Cappadociae
526 1507 668 1552 (Ball).

295 1572 328 1606 A
346 1569 393 1606 L.
416 1570 625 1617 oxycepzkie
642 1570 703 1606 cui
723 1571 831 1617 prius
853 1570 1019 1616 adjunxi
1066 1572 1179 1607 raeter
1212 1570 1488 1606 indumentum
1508 1571 1641 1606 minus
1667 1573 1782 1606 tenue
1804 1568 1954 1616 phyllis

247 1628 325 1654 non
345 1617 580 1653 acuminatis
595 1620 631 1653 et
650 1618 768 1665 pappi
786 1618 907 1653 radiis
922 1618 1010 1653 basi
1057 1617 1204 1653 ilatatis
1226 1618 1442 1654 diversum.

311 1751 377 1790 ll.
413 1748 471 1790 L.
512 1748 927 1792 Libanoticum
957 1748 1116 1804 (Boiss.
1157 1749 1310 1804 Diagn.
1341 1748 1435 1791 Ser.
1466 1749 1497 1801 I,
1538 1750 1599 1800 11,
1626 1762 1668 1804 p.
1702 1748 1791 1804 40),
1814 1751 1958 1791 totumv

246 1808 501 1850 indumento
528 1807 789 1851 brevissimo
814 1808 950 1850 denso
979 1809 1348 1851 stellato-ramoso
1374 1821 1544 1857 canum,
1574 1808 1719 1850 radice
1745 1807 1961 1860 verticali,

246 1867 482 1909 rhizomate
506 1867 743 1921 pluricipili
763 1867 968 1910 indurato
985 1879 1146 1918 crasso,
1163 1869 1303 1922 scapis
1321 1867 1532 1910 brevibus
1550 1866 1956 1920 submonoceplialis

244 1926 363 1980 apice
390 1926 655 1978 incrassatis,
683 1927 796 1968 foliis
823 1926 1016 1968 breviter
1039 1930 1080 1969 et
1107 1930 1292 1980 anguste
1321 1926 1781 1979 oblongo-lanceolatis
1814 1925 1955 1968 undu-

247 1985 542 2027 lato-dentatis
577 1985 620 2027 in
651 1986 859 2038 petiolum
890 1986 1140 2036 attenuatis,
1176 1986 1376 2040 capitulis
1415 1984 1706 2029 mediocribus
1745 1985 1959 2039 virgineis

244 2044 434 2096 cernuis,
453 2044 667 2086 involucri
687 2045 847 2098 phyllis
867 2043 1105 2087 imbricatis
1124 2045 1176 2087 ab
1201 2045 1363 2088 infimis
1386 2044 1727 2098 triangularibus
1749 2044 1803 2087 ad
1825 2055 1957 2098 supe-

243 2103 361 2145 riora
384 2102 618 2145 lanceolata
636 2104 906 2146 acutiuscula
931 2104 1370 2156 elongatis,01nnibus
1389 2104 1519 2146 dorso
1544 2103 1798 2146 indumento
1826 2114 1957 2156 parco

243 2162 436 2216 crispulo
475 2162 667 2205 farinoso
704 2162 858 2204 obsitis
899 2166 941 2205 et
981 2167 1194 2216 praeterea
1234 2164 1481 2217 praesertim
1521 2163 1715 2205 externis
1759 2162 1952 2216 margine

246 2221 504 2264 brevissime
543 2220 757 2271 ciliolatis‚
792 2221 983 2263 acheniis
1020 2222 1212 2264 teuuiler
1248 2222 1499 2276 cylindricis
1537 2222 1702 2264 sti-latis
1741 2220 1954 2264 scabridis

244 2291 437 2334 superne
473 2281 723 2333 attenuatis,
761 2281 893 2335 pappi
928 2280 1093 2323 sordidi
1129 2281 1234 2323 selis
1274 2282 1486 2336 plumosis
1515 2281 1783 2334 longioribus
1821 2280 1954 2322 15-20

244 2339 336 2381 basi
366 2339 435 2382 vix
460 2338 650 2381 dilatatis
671 2339 849 2382 aclienio
876 2339 1241 2383 subbrevioribus
1276 2346 1334 2388 26.

293 2413 397 2448 Hab.
422 2413 462 2447 in
484 2412 634 2448 Libano
655 2423 773 2459 supra
792 2413 902 2449 Eden
922 2413 1074 2458 (Boissl
1092 2413 1188 2458 Bm,
1210 2424 1330 2460 supra
1346 2414 1507 2450 Dimam
1526 2413 1644 2459 (ΒΗ).

291 2473 405 2521 Scapi
431 2474 735 2521 2-5-pollicares,
763 2475 859 2511 folia
890 2476 1187 2523 1-2·p011icaria.
1220 2476 1454 2513 Indumento
1484 2477 1692 2524 adpressso
1719 2486 1815 2512 cano
1838 2476 1953 2512 affine

247 2520 292 2557 L.
312 2521 428 2569 ooeyle
459 2521 517 2558 idi
536 2524 574 2557 et
590 2521 822 2567 adhoerentz’,
846 2523 914 2559 sed
938 2523 1079 2570 phylla
1105 2534 1176 2559 nec
1200 2525 1424 2560 acuminata
1450 2535 1520 2560 nec
1546 2524 1776 2559 indumento
1795 2523 1954 2559 stellato

243 2568 382 2604 obsita.
403 2533 545 2614 Pssylla
564 2572 726 2605 externa
746 2572 789 2606 ut
806 2569 854 2606 L.
876 2571 1015 2618 asperi
1030 2571 1379 2607 fimbriato-ciliata
1398 2571 1465 2607 sed
1494 2571 1618 2607 multo
1642 2571 1800 2607 tenuius
1818 2572 1856 2606 et
1875 2570 1955 2606 rhi-

244 2619 393 2652 zomate
412 2616 703 2652 suffrutescenti
723 2617 1036 2664 indumentoque
1055 2618 1240 2654 foliorum
1262 2618 1449 2665 adpresse
1467 2629 1565 2654 cano
1584 2618 1635 2654 ab
1654 2628 1699 2654 eo
1716 2618 1904 2654 alienum.

308 2747 371 2788 12.
406 2747 449 2790 L
496 2747 904 2802 asperrimum
935 2746 1103 2803 (Willd.
1134 2746 1206 2802 Sp.
1237 2747 1314 2799 III,
1340 2760 1380 2801 p.
1415 2748 1522 2789 1507
1547 2748 1630 2790 sub
1655 2746 1953 2803 Scorzonerd)

241 2808 379 2848 tolum
407 2807 504 2860 pilis
534 2806 840 2865 crassikusculis
868 2806 1022 2860 rigidis
1050 2807 1170 2860 apice
1197 2807 1402 2849 stellatim
1428 2806 1608 2849 furcatis
1634 2807 1951 2850 scaberrimum

244 2864 401 2917 pallide
438 2866 601 2917 virens,
636 2865 874 2908 rhizomate
912 2866 1119 2916 verticali,
1152 2867 1296 2920 scapis
1329 2865 1649 2920 monocephalis
1684 2867 1752 2908 vel
1780 2866 1952 2909 inferne

242 2924 411 2966 ramulo
435 2924 572 2967 auctis
600 2923 753 2967 validis
775 2924 928 2978 rigidis
953 2924 1195 2979 squamulis
1221 2925 1404 2967 setaceis
1426 2925 1580 2967 obsitis
1605 2936 1798 2980 superne
1825 2924 1951 2968 valde

243 2980 446 3036 dilatatis,
463 2983 576 3026 foliis
597 2983 763 3026 crebris
782 2986 965 3036 anguste
983 2983 1441 3037 oblongo-lanceolatis
1458 2987 1499 3025 et
1515 2983 1766 3027 lanceolatis
1784 2986 1952 3026 remote

243 3039 455 3095 dentatis,
496 3041 699 3097 capitulis
733 3042 902 3096 magnis
945 3042 1121 3086 demum
1162 3042 1399 3097 elongatis,
1429 3042 1645 3085 involucri
1685 3041 1967 3097 cylindracei
