2126 3246
146 199 320 237 Galmm.
889 206 1113 233 ammom..
1806 199 1855 237 65

149 282 422 336 spiciformes
448 279 721 334 interruptos
742 279 1047 332 formantibus,
1074 279 1261 322 bracteis
1283 280 1490 334 minimis,
1514 281 1738 334 pedicellis
1762 281 1852 324 hir-

145 340 260 383 sutis
303 339 586 392 capillarihus
625 338 733 380 flore
773 337 940 380 minuto
981 350 1137 391 parum
1167 339 1460 391 longioribuS‚
1498 340 1671 382 corollae
1704 353 1851 394 parvae

149 398 420 441 fusco-luteae
438 397 509 440 vel
533 396 895 451 purpurascentis
930 396 1041 439 lobis
1074 397 1277 451 ellipticis
1301 397 1496 441 breviter
1519 400 1849 453 mucronulatis,

148 458 292 499 fructu
318 457 444 509 longe
464 458 506 498 et
529 455 677 509 patule
704 455 876 509 hispido
909 462 964 504 36.
997 456 1053 497 Ic.
1081 455 1143 498 Fl.
1173 455 1247 497 Gr.
1271 455 1357 498 tab.
1389 457 1484 499 136.

196 529 300 564 Hah.
326 529 376 564 ad
408 538 525 575 rupes
555 528 730 574 regionis
758 527 956 563 inferioris
986 530 1024 564 et
1062 530 1263 564 montanae
1293 539 1419 576 usque
1446 530 1497 566 ad
1520 530 1626 566 1500’
1645 531 1771 567 Cretae
1795 532 1851 568 -ad

149 575 318 618 Khania,
346 576 579 622 Gortynam,
600 575 750 610 radices
768 575 857 620 Idae,
883 575 1034 610 Candia
1052 575 1211 620 (Sibtm,
1235 575 1342 611 Siebl
1363 576 1505 613 Heldri
1532 577 1633 613 Raul
1643 580 1680 622 1),
1707 579 1850 614 insulae

150 622 226 658 Cos
245 623 387 667 (Urvi),
411 622 542 657 Rhodi
570 623 609 657 in
637 624 768 658 monte
796 622 946 667 Hagios
967 622 1077 657 Elias
1104 622 1309 668 (Bourg!),
1330 624 1465 669 Lydiae
1494 635 1616 672 prope
1647 625 1850 672 Ephesum

149 669 282 714 (Boiss
295 671 332 714 1),
354 669 500 704 Ciliciae
519 669 705 704 Tracheae
724 669 771 705 ad
798 669 1003 704 Anamour
1020 670 1155 714 (Peri).
1182 669 1240 705 Fl.
1261 670 1351 706 Mai.
1370 670 1457 706 Jun.

195 734 238 769 In
252 734 445 769 Parnasso
460 743 483 768 a
498 733 726 779 Sibthorpio
739 732 934 769 indicatur
948 732 1016 768 sed
1029 733 1188 779 probab.
1203 734 1378 778 erronee,
1402 734 1538 781 planta
1552 735 1849 782 3-5—pollicaris.

210 856 279 897 47.
315 855 374 898 G.
397 854 641 909 Lycium
666 853 825 909 (Boiss.
857 854 1009 908 Diagns
1035 854 1126 898 Ser.
1154 855 1182 898 1.
1208 856 1270 906 10,
1294 869 1335 910 p.
1379 855 1452 911 71)
1480 858 1573 899 basi
1601 858 1849 901 sussrutico-

148 927 261 962 sum,
277 913 411 957 ramis
439 914 595 956 erectis
622 914 722 967 plus
748 914 894 955 minus
922 914 1105 956 ramosis
1131 915 1212 957 sub
1236 914 1352 957 lente
1374 915 1633 958 brevissime
1656 918 1850 970 puberu-

151 974 204 1016 lis
230 974 470 1026 fragilibus,
509 973 622 1015 foliis
663 972 780 1014 senis
819 972 1020 1026 ellipticis
1066 973 1202 1016 acutis
1235 974 1519 1027 planiusculis
1546 976 1757 1017 scabridis
1781 977 1852 1018 vel

149 1032 416 1075 laeviusculis
440 1043 576 1073 nervo
603 1031 759 1074 subtus
787 1031 943 1084 valido,
976 1032 1158 1075 ramulis
1190 1033 1437 1086 hispidulis,
1465 1033 1600 1086 cymis
1628 1035 1851 1086 peduncu-

154 1091 249 1133 latis
273 1091 528 1133 axillaribus
549 1090 793 1143 paniculam
821 1089 1017 1132 foliosam
1046 1093 1274 1143 angustam
1297 1091 1600 1141 formantibus,
1628 1093 1851 1145 pediccllis

151 1149 385 1204 hispidulis
412 1148 481 1191 vel
506 1149 668 1201 glabris
692 1150 799 1191 flore
823 1161 959 1202 parvo
988 1150 1156 1203 3-4-plo
1180 1149 1463 1203 longioribus,
1491 1150 1661 1193 corollae
1683 1164 1851 1205 purpu-

150 1208 364 1250 rascentis
388 1207 618 1262 hispidulae
648 1208 757 1250 lohis
797 1207 841 1249 in
877 1219 1131 1251 mucronem
1154 1212 1372 1251 setaceum
1398 1209 1674 1262 abeuntibus,
1701 1212 1850 1253 ovario

149 1267 446 1321 hispidissimo
479 1273 537 1312 26.
569 1265 617 1308 G.
646 1266 910 1308 concinnum
937 1267 1075 1310 Boiss.
1102 1268 1147 1309 in
1171 1267 1329 1321 Bourg.
1354 1278 1465 1310 exs.·

197 1338 300 1374 Hab.
321 1338 361 1373 in
382 1339 627 1385 rupestrihus
657 1339 706 1374 ad
737 1339 854 1374 basin
882 1339 1077 1375 montium
1104 1340 1240 1386 Lydiae
1267 1350 1388 1388 prope
1407 1340 1567 1377 Elmalu
1586 1342 1850 1387 (Pestalozzai

154 1385 299 1431 Bourg.
318 1395 399 1421 exs.
420 1385 532 1431 1351).
551 1386 608 1421 Fl.
631 1386 720 1422 Jun.

194 1450 297 1485 Inter
316 1447 361 1485 G.
384 1448 570 1485 Graecum
585 1451 623 1485 et
633 1450 845 1486 dumosam
859 1451 937 1486 fere
947 1450 1122 1486 medium
1141 1451 1191 1487 ab
1216 1451 1272 1487 eis
1286 1452 1408 1488 ramis
1426 1454 1464 1489 et
1481 1452 1587 1488 foliis
1604 1453 1848 1499 glabrescen-

149 1497 274 1580 {ffilgtsu
278 1496 493 1578 1{cabridis
520 1507 542 1532 3
570 1498 689 1544 priori
720 1497 826 1533 foliis
845 1498 1064 1544 latioribus,
1091 1509 1114 1534 3
1139 1499 1348 1546 posteriori
1370 1500 1517 1536 corolla
1547 1501 1749 1548 hispidula
1775 1504 1854 1538 dis-

211 1659 281 1701 48.
316 1657 376 1701 G.
401 1655 723 1701 dumosum
749 1657 910 1712 (BoisS.
938 1658 1090 1712 Diagn.
1119 1658 1213 1703 Ser.
1241 1661 1274 1712 Ι,
1303 1661 1342 1713 3,
1367 1674 1407 1715 p.
1431 1662 1509 1717 44)
1533 1664 1627 1707 basi
1653 1665 1850 1707 suffruti-

148 1729 300 1761 cosum
322 1717 456 1760 ramis
481 1717 661 1760 dumose
683 1718 887 1760 confertis
909 1719 1066 1760 erectis
1083 1720 1243 1761 crassis
1263 1720 1506 1774 fragillimis
1529 1724 1676 1766 stricte
1705 1737 1854 1766 ramu-

151 1776 256 1819 losis
273 1777 421 1831 patule
445 1775 762 1830 albo-hirsutis,
785 1776 898 1818 foliis
921 1778 1040 1819 senis
1064 1777 1274 1820 brevibus
1297 1779 1448 1833 rigidis
1475 1782 1852 1835 oblongo-lanceo-

151 1834 249 1877 latis
272 1836 408 1878 acutis
434 1835 702 1878 mucronatis
725 1835 851 1877 hirtis
875 1836 1069 1889 margine
1088 1836 1384 1881 subrevolutis
1410 1852 1547 1882 nervo
1571 1842 1711 1883 medio
1735 1853 1853 1884 cras-

149 1894 343 1937 siusculo
365 1893 521 1937 subtus
546 1894 784 1948 percursis,
813 1894 950 1947 cymis
989 1895 1244 1938 axillaribus
1276 1898 1581 1950 pedunculatis
1605 1900 1853 1954 paniculum

150 1955 379 2006 angustam
420 1953 722 2006 formantibus,
758 1953 984 2006 pedicellis
1023 1954 1302 2009 capillaribus
1337 1956 1499 2009 glabris
1537 1959 1645 2001 flore
1682 1959 1851 2002 minuto

153 2012 322 2065 3-4-plo
345 2012 627 2065 longioribus,
655 2011 825 2054 corollae
852 2013 1214 2067 purpurascentis
1237 2015 1307 2056 vel
1334 2015 1517 2058 virentis
1553 2018 1714 2070 glabrae·
1741 2018 1853 2060 lobis

150 2070 252 2125 plus
270 2071 416 2113 minus
442 2071 567 2124 longe
588 2071 869 2121 mucronatis,
896 2071 1041 2113 fructu
1067 2072 1217 2125 glabro
1240 2073 1308 2115 vel
1332 2086 1461 2127 parce
1483 2076 1654 2129 hispido
1692 2083 1729 2124 26
1743 2111 1751 2119 .

199 2142 300 2179 Hab.
312 2144 362 2179 ad
375 2144 539 2190 rupibus
558 2144 607 2179 ad
625 2154 749 2190 aquas
764 2144 978 2180 thermales
998 2145 1221 2193 Hierapolis
1240 2147 1279 2182 in
1298 2147 1471 2195 Phrygia
1485 2149 1616 2194 (Boiss
1629 2152 1666 2195 l),
1682 2151 1732 2186 ad
1749 2152 1853 2188 Ada-

153 2189 206 2226 lia
230 2191 481 2237 Pamphyliae
500 2191 699 2237 (Bourgl).
727 2191 784 2227 Fl.
811 2191 903 2227 Jun.

199 2255 320 2290 Dumi
337 2254 599 2301 semipedales
621 2255 681 2290 vel
700 2255 870 2301 pedales,
898 2256 995 2291 folia
1020 2256 1179 2293 caulina
1204 2260 1282 2293 tres
1311 2258 1436 2295 lineas
1460 2259 1580 2306 longa
1600 2261 1746 2297 lineam
1773 2261 1856 2297 lata

152 2304 382 2337 mucronata
405 2312 475 2337 nec
494 2304 538 2337 ut
564 2303 603 2337 in
622 2302 806 2338 affinibus
832 2303 988 2338 mutica.

213 2414 282 2455 49.
313 2413 371 2456 G.
387 2424 604 2456 canum
626 2414 845 2467 (Requien
873 2413 917 2456 in
943 2427 1021 2457 1).0.
1047 2415 1177 2458 Prod.
1198 2416 1272 2465 IV,
1300 2431 1340 2472 p.
1366 2419 1472 2472 602)
1496 2420 1588 2462 basi
1604 2421 1854 2465 suffrutico-

151 2485 252 2515 sum
269 2473 322 2514 ad
339 2484 484 2515 ramos
508 2475 550 2515 et
572 2473 733 2526 saepius
760 2473 813 2514 ad
839 2472 938 2515 folia
966 2474 1100 2517 dense
1118 2477 1160 2517 et
1180 2476 1372 2530 crispule
1387 2490 1556 2529 cauum,
1584 2480 1854 2532 rainiscras-

156 2531 234 2582 sis,
262 2531 376 2573 foliis
399 2530 670 2574 brevissimis
694 2531 1116 2575 lineari-subconicis
1138 2533 1450 2578 obtusiusculis
1477 2537 1545 2578 vel
1573 2539 1709 2580 acutis
1740 2552 1854 2582 mar-

155 2589 254 2643 gine
266 2590 392 2632 valdc
409 2590 640 2639 revolutis,
654 2590 789 2644 cymis
801 2590 1057 2633 axillaribus
1073 2593 1378 2646 pedunculatis
1400 2596 1623 2649 paniculas
1649 2602 1856 2651 angustas

154 2649 460 2698 formantibus,
490 2649 748 2702 pedunculis
766 2649 1078 2705 pedicellisque
1096 2651 1280 2706 hispidis
1303 2653 1421 2696 hisce
1444 2655 1553 2696 ssore
1580 2655 1746 2698 minuto
1761 2655 1858 2698 3-4-

156 2706 225 2760 plo
250 2707 534 2760 longioribus,
561 2708 733 2749 corollae
766 2719 1001 2762 purpureae
1035 2710 1160 2753 hirtae
1208 2711 1315 2754 lobis
1356 2712 1623 2766 longiuscule
1667 2719 1859 2758 setaceo-

156 2766 436 2816 mucronatis,
463 2766 608 2808 fructu
632 2766 803 2820 hispido
841 2773 877 2814 3ιὲ
892 2800 900 2808 .

203 2837 308 2873 Hah.
329 2839 369 2873 in
391 2849 506 2885 rupes
521 2838 669 2874 calidas
688 2839 809 2875 Tauri
828 2839 974 2877 Cilicici
992 2842 1083 2888 (ΚΥ.
1102 2843 1193 2880 2341
1212 2844 1284 2879 Bal
1294 2846 1331 2890 1),
1361 2844 1486 2891 Syriae
1515 2845 1596 2882 bor.
1616 2849 1654 2883 et
1678 2847 1860 2895 Metopo-

155 2885 289 2920 tamiae
308 2886 357 2920 ad
376 2885 482 2928 0113,
507 2885 666 2928 Suerek,
697 2886 892 2933 Biredjick
919 2889 1018 2934 (Kyl
1037 2890 1199 2926 Haussk
1214 2893 1252 2935 1),
1275 2893 1495 2937 Antiochiae
1524 2893 1655 2938 (Boiss
1667 2896 1705 2938 1),
1738 2906 1859 2942 prope

157 2931 319 2978 Tripoli,
340 2932 556 2978 Berythum
576 2935 612 2968 et
630 2933 669 2968 in
684 2932 836 2969 Libano
854 2935 937 2979 (1311
957 2936 1114 2982 Gailll),
1140 2937 1190 2973 ad
1208 2938 1381 2975 Zebdani
1401 2940 1494 2986 (ΚΥ.
1514 2940 1604 2986 641),
1624 2942 1674 2978 ad
1691 2942 1859 2979 Damas-

157 2988 247 3014 cum
265 2979 440 3024 (Boissl)‚
460 2980 501 3014 in
517 2980 696 3016 Carmelo
715 2980 864 3025 (Labill
879 2984 916 3027 1).

1650 3053 1674 3090 5
