2126 3246
81 242 222 281 Rubia.
824 245 1047 279 RumACEAE.
1744 234 1791 269 17

80 332 188 359 mam
214 322 252 357 et
269 320 354 355 Beit
371 318 552 354 Kaschbo
580 318 742 354 ditionis
758 317 987 353 Kesraouan
1006 314 1175 360 (Gauii),
1196 313 1245 349 ad
1264 313 1375 350 Eden
1410 324 1551 351 versus
1578 314 1703 351 Danie
1723 314 1792 350 alt.

79 369 185 406 5500’
203 366 425 413 (Ky.3331).
446 365 504 401 Fl.
524 367 617 411 Apr.

127 430 191 467 Ab
212 429 398 466 omnibus
417 428 600 463 distincta
630 426 741 462 caule
775 429 903 461 erecto
933 425 1044 461 brevi
1062 424 1293 472 semipedali
1312 424 1376 461 vel
1394 424 1463 460 vix
1480 424 1663 470 longiori,
1686 423 1793 460 foliis

80 477 270 515 brevibus
290 475 384 512 latis
404 476 568 521 abrupte
588 473 830 509 acuminatis,
852 473 981 509 Radix
1001 481 1153 518 repens.

142 597 182 638 2.
209 595 271 637 R.
295 593 624 637 tinctorum
649 592 716 646 (L.
744 592 816 646 Sp.
847 591 960 639 158)
992 590 1189 634 caulibus
1234 591 1446 644 elongatis
1482 590 1794 634 scandentibus

81 654 305 699 herbaceis
328 652 485 695 annuis
507 650 732 703 scabridis,
755 650 870 693 foliis
894 651 1062 692 4-6-nis
1088 649 1284 703 oblongis
1318 649 1388 692 vel
1425 649 1674 692 lanceolatis
1700 649 1794 691 basi

82 712 316 757 attenuatis
339 711 496 754 subtus
521 709 823 765 penninerviis
846 710 1041 762 margine
1055 709 1163 752 etad
1186 720 1374 752 nervum
1391 708 1793 760 aculeato-scabris,

83 771 219 826 cymis
235 769 444 812 foliolosis
470 769 571 812 folia
593 768 790 810 axillaria
821 768 959 810 multo
993 766 1306 822 superantibus
1343 767 1389 809 in
1425 767 1673 827 paniculam
1704 768 1796 809 ter-

81 829 286 873 minalem
313 828 509 881 digestis,
538 827 711 870 corollae
736 827 848 869 lobis
881 826 1282 869 ovato-lanceolatis
1311 826 1554 880 apiculatis,
1595 826 1794 868 antheris

83 886 470 940 lineari-oblongis,
499 885 772 939 stigmatibus
794 885 1243 939 capitato-subconicis
1265 890 1303 932 ‘36
1330 885 1597 927 Ic.Lam.Ill.
1616 885 1701 926 tab.
1722 885 1792 934 60,

84 947 157 1001 fig.
185 947 216 988 I.
247 968 304 976 —-
323 946 385 988 Fl.
414 945 551 987 Graec.
576 944 662 987 tab.
692 945 787 985 14!o

130 1018 232 1054 Hab.
252 1018 302 1053 ad
322 1028 433 1064 sepes
452 1019 491 1053 et
504 1017 543 1052 in
564 1016 741 1052 dumosis
760 1016 925 1052 Graeeiae
943 1017 995 1052 ad
1010 1016 1222 1052 Phalerum
1240 1016 1379 1051 Atticae
1399 1015 1493 1062 (Spr
1506 1016 1739 1061 l),Lac0niae
1756 1016 1798 1051 in

84 1069 217 1102 monte
242 1064 398 1100 Malevo
425 1074 546 1110 prope
578 1064 726 1108 Hagios
747 1063 881 1099 Petros
904 1062 1075 1110 (Orphl),
1102 1063 1343 1098 Macedomae
1366 1063 1518 1108 (Friv.),
1537 1063 1735 1098 Anatoliae
1757 1063 1800 1098 in

84 1115 216 1148 monte
252 1111 528 1156 Kechichdagb
564 1110 807 1155 (WiedemI),
842 1112 975 1146 monte
1013 1110 1155 1145 Tmolo
1193 1110 1331 1155 Lydiae
1366 1110 1519 1155 (Boi-ssi
1538 1112 1566 1155 ),
1587 1110 1716 1155 Lyciae
1748 1110 1799 1145 ad

85 1158 245 1195 Elmalu
263 1158 413 1204 (Bourg
446 1157 560 1201 1281),
580 1157 704 1202 Syri-le
727 1157 778 1192 ad
798 1158 1039 1192 Damascum
1070 1157 1192 1202 (Gaill
1210 1160 1236 1201 l)
1260 1160 1297 1192 et
1325 1158 1374 1192 ad
1392 1157 1548 1192 Bludan
1577 1157 1799 1192 Antilibani

86 1205 175 1252 (Ky.
193 1206 258 1241 881
284 1206 359 1241 sub
380 1205 426 1242 R.
443 1202 603 1249 lueida),
625 1206 665 1238 in
683 1204 835 1239 Libano
869 1204 919 1240 ad
950 1204 1162 1240 Bescherre
1182 1203 1314 1248 (Ehrl)
1332 1205 1383 1239 ad
1411 1214 1525 1250 sepes
1544 1204 1737 1250 Marasch,
1758 1204 1799 1239 in

85 1255 218 1289 monte
246 1252 312 1288 Pir
341 1251 463 1287 Omar
491 1252 657 1287 Gudrun
690 1251 865 1296 Assyriae
900 1253 938 1286 et
970 1251 1020 1286 ad
1053 1251 1354 1287 Kermanschah
1385 1253 1422 1286 et
1446 1252 1630 1287 Amadan
1649 1252 1793 1287 Persiae

85 1298 262 1345 (Haussk
273 1301 309 1344 1),
327 1299 376 1334 ad
394 1298 532 1334 Musch
559 1298 754 1333 Armenia}
774 1298 990 1343 (Ky.503!),
1004 1299 1046 1333 in
1063 1298 1218 1344 Tauria,
1234 1308 1343 1344 prov.
1357 1298 1580 1334 Caucasicis
1603 1302 1640 1335 et
1656 1298 1799 1334 Trans-

86 1346 298 1383 caucasicis
316 1346 492 1389 (Ledeb.)
512 1366 556 1370 —-
574 1346 709 1380 Graece
725 1345 877 1381 Kizari.

132 1408 195 1444 Ab
211 1408 397 1445 omnibus
412 1408 668 1454 sequentibus
687 1407 861 1443 antheris
879 1407 1075 1453 distincta,
1095 1407 1166 1444 hac
1184 1410 1287 1453 nota,
1305 1408 1463 1444 corollae
1479 1408 1584 1444 lobis
1600 1419 1678 1445 non
1699 1410 1798 1444 aris-

88 1455 189 1501 tatis‚
208 1459 288 1501 ete,
307 1466 331 1490 a
349 1455 553 1491 simillima
570 1454 609 1491 R
616 1485 620 1488 .
640 1452 852 1501 peregrim?
871 1465 1026 1502 semper
1043 1455 1338 1501 distinguenda.

132 1519 194 1554 Ar.
213 1519 348 1564 Geogr.
368 1518 502 1554 Gallia
520 1517 801 1563 meridionalis,
819 1517 941 1564 Italia,
962 1518 1168 1565 Hispania,
1189 1518 1405 1555 Dalmatia.

148 1635 187 1676 3.
215 1635 275 1677 R.
297 1634 619 1690 peregrina
646 1635 708 1684 (L.
721 1634 793 1689 Sp.
818 1635 920 1689 158)
935 1636 1132 1679 caulibus
1146 1637 1357 1691 elongatis
1376 1638 1687 1681 scandentibus
1703 1639 1802 1682 her·

89 1693 232 1736 baceis
251 1694 376 1736 valde
405 1693 570 1735 scabris
592 1696 716 1748 parte
734 1693 930 1737 inferiori
953 1696 1314 1749 perennantibus,
1336 1698 1434 1739 solis
1457 1697 1624 1740 4-6-nis
1652 1698 1803 1740 oblon-

89 1752 154 1806 gis
187 1752 493 1795 lanceolatisve
520 1752 725 1795 coriaceis
749 1753 905 1795 lucidis
934 1754 1177 1796 uninerviis
1212 1755 1265 1797 ad
1294 1768 1483 1798 nervum
1508 1759 1550 1799 et
1581 1757 1801 1809 margines

88 1811 216 1854 valde
255 1811 791 1864 denticulato-spinulosis,
817 1813 954 1865 eymis
980 1812 1238 1856 axillaribus
1280 1818 1322 1857 et
1358 1815 1663 1858 terminalibus
1700 1816 1803 1859 folia

90 1869 415 1924 superantibus,
433 1869 727 1912 corollaelobis
739 1870 1197 1924 oblongo-lanceolatis
1216 1872 1344 1927 longe
1365 1875 1802 1918 mucronato-arista-

89 1927 160 1979 tis,
175 1928 369 1970 antheris
384 1928 537 1979 ovatis,
562 1929 836 1981 stigmatibus
858 1930 1054 1984 capItatis
1081 1934 1136 1976 26.
1159 1931 1214 1973 Ic.
1240 1932 1360 1974 Lam.
1384 1932 1448 1974 Ill.
1477 1932 1563 1975 tab.
1592 1934 1662 1982 60,
1675 1934 1744 1986 fig.
1761 1936 1800 1976 Ξ.

137 2000 238 2036 Hab.
254 2000 304 2036 ad
322 2010 434 2047 sepes
452 2001 622 2045 regionis
653 2001 806 2045 calidae,
824 2002 1047 2048 Zacynthus
1061 2003 1237 2050 (Margi),
1258 2004 1373 2041 Creta
1392 2005 1443 2041 ad
1459 2006 1616 2041 Khania
1634 2007 1753 2052 (Raul
1765 2010 1802 2054 l),

89 2047 216 2083 Attica
229 2048 385 2093 (Sprun.
403 2048 477 2083 sub
498 2048 545 2084 R.
565 2046 725 2093 luc-idai),
746 2049 979 2094 Byzantium
999 2050 1116 2095 (Noel
1135 2050 1227 2086 Cast
1242 2053 1278 2096 !),
1297 2052 1467 2088 Thracia
1486 2054 1646 2098 (Griseb
1661 2057 1696 2099 l).

135 2112 277 2148 Planta
288 2112 409 2157 vulgo
425 2112 562 2157 glabra
574 2113 642 2148 sed
654 2114 694 2148 in
713 2114 995 2160 speciminibus
1012 2114 1216 2161 Hispaniae
1243 2116 1427 2152 australis
1449 2116 1648 2153 interdum
1665 2119 1806 2164 pubes·

90 2169 192 2195 cens.
211 2159 260 2196 R.
281 2158 425 2203 lucida,
443 2159 489 2195 R.
510 2159 682 2196 Boccom·
705 2161 878 2206 Petagn.‚
895 2162 1097 2209 Reqaz'em'z'
1112 2163 1257 2209 Duby.,
1275 2163 1484 2211 splendens
1503 2165 1649 2201 Hoffm.
1673 2167 1800 2213 specie

90 2206 369 2242 verosimiliter
386 2216 464 2241 non
484 2206 678 2242 differunt.

138 2269 200 2304 Ar.
220 2269 353 2313 Geoqr.
375 2268 532 2315 Europa
551 2269 736 2306 australis
754 2272 837 2306 tota
852 2281 874 2306 a
891 2271 1106 2318 Lusitania,
1117 2271 1251 2308 Gallia
1268 2273 1398 2309 media
1412 2276 1451 2309 et
1468 2275 1630 2311 australi
1648 2276 1699 2311 ad
1719 2276 1808 2312 Dal-

93 2316 269 2360 matiam,
289 2316 420 2351 Africa
439 2316 620 2352 borealis.

154 2421 193 2462 4.
240 2421 302 2463 R.
345 2420 592 2464 Olivieri
615 2420 686 2476 (A.
710 2422 833 2465 Rich.
868 2424 996 2466 Mem.
1021 2423 1115 2467 Soc.
1141 2425 1237 2468 Nat.
1265 2426 1366 2469 Par.
1396 2427 1446 2479 V,
1474 2440 1515 2481 p.
1544 2428 1647 2482 132)
1674 2430 1806 2472 cauli-

96 2479 178 2521 bus
203 2480 389 2522 vetustis
414 2480 635 2522 fruticosis
658 2481 788 2524 nudis
817 2483 1195 2536 decumbentibus,
1230 2486 1364 2527 ramis
1403 2486 1560 2528 erectis
1596 2488 1805 2531 flexuosis

89 2537 341 2592 junioribus
379 2539 539 2592 saepius
564 2540 730 2581 minute
756 2542 1116 2594 pubescentibus,
1151 2543 1266 2585 foliis
1289 2544 1408 2586 ss-nis
1430 2546 1568 2587 oratis
1607 2549 1676 2588 vel
1703 2547 1805 2589 obo-

97 2596 209 2639 vatis
230 2597 498 2640 mucronatis
523 2598 727 2640 coriaceis
753 2600 909 2642 lucidis
932 2601 1178 2645 uninerviis
1195 2603 1391 2656 margine
1412 2605 1577 2646 scabris
1600 2609 1806 2648 caeterum

98 2655 305 2707 laevibus,
331 2657 467 2710 cymis
494 2656 748 2700 axillaribus
775 2659 876 2701 folia
908 2659 982 2702 vix
1014 2661 1342 2715 superantibus,
1375 2663 1547 2705 corollae
1583 2664 1692 2707 lobis
1718 2665 1807 2706 lan·

95 2714 273 2757 ceolatis
295 2716 806 2766 attenuato-acuminatis,
837 2718 1031 2760 antheris
1050 2720 1207 2771 ovatis,
1235 2720 1510 2773 stigmatibus
1544 2724 1741 2777 capitatis
1765 2731 1803 2771 5.

99 2771 150 2814 R.
172 2771 321 2814 lucida
351 2772 487 2816 Sibtli.
513 2773 575 2815 Fl.
603 2774 678 2816 Gr.
708 2774 764 2827 11,
790 2788 885 2830 pag.
910 2777 983 2830 32,
1005 2777 1091 2820 tab.
1118 2778 1203 2820 142
1229 2791 1319 2821 non
1342 2779 1394 2821 L.
1421 2780 1544 2822 —R.
1571 2782 1810 2833 tenace'folesa

99 2828 206 2875 Urv.
232 2831 386 2874 Enum.
415 2845 457 2886 p.
476 2833 541 2873 17.

147 2902 247 2939 Hah.
256 2904 304 2939 ad
317 2914 428 2951 sepes
446 2915 562 2951 rupes
577 2908 614 2941 et
632 2916 765 2942 muros
775 2907 1036 2955 Pelopponesi
1050 2909 1101 2945 ad
1120 2909 1324 2947 Calamata
1338 2914 1377 2947 et
1395 2912 1572 2948 Navarin
1589 2914 1810 2959 (Gittardl),

97 2951 246 3003 montis
280 2950 436 2987 Malevo
473 2962 593 2999 prope
630 2953 857 2990 Kastanitza
875 2956 1203 3002 (Orphl)„Atticae
1224 2958 1265 2993 in
1284 2958 1480 2995 Pentelieo
1516 2961 1666 3006 (Sartl),
1686 2964 1810 2997 Cretae

100 2997 258 3043 (Siebl),
277 3001 315 3033 et
331 2998 380 3033 ad
399 2998 559 3034 Malaxa
577 2999 742 3046 (Raull),
760 3001 902 3037 insulae
924 3002 1043 3038 Chios
1065 3003 1211 3049 (Olivl)
1229 3007 1267 3041 et
1287 3005 1328 3040 in
1351 3009 1485 3042 monte
1503 3009 1655 3053 Aragas
1674 3008 1812 3055 (Orph.

1575 3071 1599 3107 2
