2066 3311
89 211 355 260 Campanum.
761 222 1111 248 CAMPANULAGEAE.
1720 215 1792 251 929

87 295 222 340 calyce
247 294 442 330 fructifero
461 293 616 329 rotatim
635 303 811 340 expanso
830 293 950 328 diam.
971 293 1223 328 ¹1‹)-1211neas
1251 293 1340 329 lato.
1360 293 1533 339 Capsula
1561 304 1637 329 non
1661 294 1791 330 valvis

88 341 329 377 hasilarihus
349 341 417 376 sed
437 340 593 376 tandem
618 340 853 376 laceratione
872 341 1143 376 circuinscissa
1162 340 1308 386 calycis
1327 340 1526 376 dehiscere
1550 341 1715 377 videtur.

150 477 218 517 85.
255 475 310 518 C.
348 473 688 517 dichotoma
719 473 773 529 (L
830 474 994 516 Amaen.
1036 475 1075 519 4.,
1119 487 1154 527 ρ.
1197 475 1302 527 306)
1347 475 1500 516 setuiis
1543 475 1791 529 patentibus

87 533 324 588 hispidum,
355 533 474 575 caule
503 537 644 575 erecto
672 534 917 575 alternatim
944 537 983 574 ct
1014 534 1254 576 dicliotome
1284 546 1453 576 ramoso
1484 534 1614 576 ramis
1634 538 1791 588 'paten-

88 593 221 637 tibus,
242 593 351 634 loliis
370 592 774 645 elliptico-oblongis
795 592 975 645 integris
998 593 1062 633 vel
1083 592 1590 645 repando-denticulatis,
1608 593 1790 636 floribus

87 651 389 694 terminalibus
422 656 463 693 ct
500 663 632 705 supra
668 651 950 693 dichotoinias
986 651 1240 694 lateralibus
1278 652 1473 694 breviter
1511 651 1790 704 pedicellatis,

84 711 245 764 calycis
272 710 438 752 laciniis
464 709 545 752 late
570 710 819 752 lanceolatis
845 709 1104 752 acuminatis
1131 710 1368 753 fructiferis
1390 710 1613 753 subauctis
1644 715 1790 763 paten-

84 769 218 819 tibus,
254 768 566 823 appendicibus
598 769 734 810 acutis
769 770 871 811 tubo
900 769 1056 822 calycis
1092 769 1374 823 longioribus,
1407 770 1566 811 corolla
1605 769 1788 811 caerulea

84 828 235 882 glabra
261 826 402 881 calyce
428 827 771 882 sesquilongiore
793 829 1091 881 cainpanulata
1118 829 1227 871 lobis
1249 829 1387 871 oratis
1414 828 1585 881 patulis
1612 829 1795 882 capsula<

87 892 266 930 nutante
304 891 367 937 Θ.
405 887 459 928 Ic.
495 887 558 928 Fl.
588 885 724 929 Ότι-000.
760 888 842 929 tab.
877 889 1044 929 1211.-
1079 887 1197 941 Jacq.
1225 885 1326 936 Coll.
1356 887 1440 929 tab.
1476 888 1540 930 12.
1572 913 1625 917 —
1656 887 1788 929 Rcbb.

85 948 171 988 tab.
199 947 298 988 0231.

135 1019 235 1054 Hah.
255 1019 293 1054 in
314 1018 482 1055 collibus
499 1022 533 1054 el
556 1019 800 1073 rupestribus
819 1020 971 1065 apricis,
993 1021 1028 1055 in
1049 1021 1176 1055 Attica
1196 1021 1260 1064 (ex
1277 1019 1421 1063 Sibth.)
1440 1019 1506 1055 sed
1527 1020 1583 1055 ihi
1601 1031 1623 1054 a
1644 1020 1752 1056 nullo
1770 1030 1791 1055 e

87 1066 370 1102 recentioribus
400 1076 469 1101 nec
487 1067 526 1101 in
547 1066 707 1101 ditionis
726 1066 807 1102 ulla
836 1071 942 1113 parte
973 1067 1081 1104 lecta.
1102 1068 1232 1103 forsan
1251 1078 1298 1102 ex
1318 1067 1487 1114 quadam
1506 1077 1593 1102 cuin
1614 1068 1793 1113 specimi-

85 1114 203 1149 nibus
220 1113 360 1149 Siculis
379 1114 606 1149 confusione
626 1113 808 1149 indicata.

134 1179 194 1213 Ar.
217 1177 352 1222 Geogr.
380 1176 523 1212 Insulae
543 1176 814 1219 Canmienses,
834 1178 941 1223 regio
960 1177 1246 1213 Mediterranea
1264 1177 1517 1213 occidentalis
1537 1178 1577 1212 in
1598 1177 1791 1224 Hispania

81 1224 259 1269 australi,
279 1223 390 1260 Italia
409 1223 657 1259 meridionali
676 1226 712 1260 et
729 1224 874 1267 Sicilia,
894 1225 1021 1260 Africa
1043 1225 1201 1261 boreali.

144 1359 215 1400 86.
252 1357 306 1401 C.
341 1357 610 1413 strigosa
641 1356 789 1412 [Russ.
828 1358 1045 1412 Descript.
1079 1357 1235 1412 Alepp.
1271 1358 1308 1409 2,
1346 1371 1381 1411 p.
1419 1358 1524 1412 916)
1559 1360 1646 1399 tota
1680 1357 1787 1399 setis

74 1416 194 1471 ,albis
230 1415 323 1459 basi
361 1416 458 1470 plus
496 1416 639 1460 minus
678 1417 932 1459 incrassatis
972 1417 1220 1470 strigulosa‚
1254 1418 1374 1459 caule
1413 1421 1557 1459 erecto
1596 1428 1789 1470 superne

80 1476 325 1519 dichotonie
351 1479 395 1516 et
420 1475 774 1518 subdivaricatim
805 1487 986 1529 ramoso,
1010 1476 1123 1518 foliis
1151 1476 1382 1519 sessilibus
1405 1476 1587 1528 integris
1613 1477 1786 1518 inferio-

82 1535 207 1577 ribus
248 1534 445 1588 oblongis
489 1535 795 1589 superioribus
838 1535 1296 1588 oblongo-lanceolatis
1334 1535 1485 1587 acutis,
1525 1535 1706 1577 floribus
1745 1535 1787 1575 in

82 1593 356 1637 dichotomiis
398 1594 791 1647 terminalibusque
832 1593 1026 1636 breviter
1065 1594 1382 1648 pcduuculatis,
1421 1594 1578 1647 calycis
1615 1593 1788 1647 strigosi

83 1652 193 1695 lobis
213 1667 234 1696 a
252 1653 343 1695 basi
371 1652 604 1695 lanceolata
629 1653 750 1706 longe
776 1653 1006 1704 subulalis,
1028 1653 1344 1708 appendicibus
1368 1652 1645 1695 brevioribus
1663 1653 1788 1695 obtu-

81 1713 160 1761 sis,
196 1713 357 1756 corolla
392 1710 540 1765 glabra
575 1712 874 1766 campanulata
909 1712 1051 1766 calyce
1088 1713 1324 1767 2-2¹s2-p10
1363 1712 1577 1766 lorgiore‚
1613 1713 1789 1767 capsula

83 1775 266 1814 nutante
315 1770 480 1813 laciniis
527 1770 731 1824 calycinis
776 1771 955 1813 accretis
1002 1772 1244 1815 incurvatis
1289 1773 1409 1826 apice
1454 1771 1788 1814 conniventibus

82 1829 249 1873 obtecta
277 1834 341 1880 Θ.
368 1829 410 1872 C.
440 1829 703 1872 Rccssetiana
727 1830 859 1874 Raem.
889 1834 932 1872 et
956 1830 1052 1873 Scb.
1078 1830 1192 1886 Syst.
1220 1831 1270 1883 V,
1299 1843 1338 1885 p.
1366 1831 1459 1873 142.

130 1903 232 1939 Hah.
251 1903 290 1938 in
311 1903 426 1939 cultis
445 1905 481 1938 et
500 1903 599 1938 inter
618 1907 780 1949 segetes,
799 1903 935 1939 Cilicia
954 1903 1136 1940 littoralis
1156 1904 1205 1940 ad
1225 1904 1399 1940 Mersina
1416 1903 1550 1949 (Ball),
1568 1904 1683 1950 Syria
1701 1903 1787 1939 bor.

79 1950 132 1985 ad
142 1950 212 1986 Ale
226 1961 303 1997 ipe,
321 1950 466 1986 Aintab
487 1953 523 1985 et
542 1950 652 1986 Meso
684 1952 830 1986 otamia
845 1953 1089 1987 contermina
1108 1952 1159 1987 ad
1174 1951 1267 1988 Orfa
1283 1951 1431 1995 (Russl⁷
1448 1951 1583 1995 Auch„
1601 1951 1672 1997 ΚΥ.
1689 1952 1788 1995 1621,

83 1961 293 2042 Hausslzn,
308 1997 612 2052 circa-Sidonem·
629 1962 712 2041 (gn
728 1998 835 2034 Gaill
847 2001 871 2043 1)
887 2003 924 2034 et
942 1998 981 2034 in
998 1998 1148 2035 Libano
1164 1999 1214 2035 ad
1229 1998 1598 2052 BescherreOEhrl),
1613 1999 1662 2034 ad
1679 1998 1788 2034 Eden

82 2044 174 2089 (Kys
196 2045 313 2089 2741),
334 2043 565 2080 Anulibano
582 2056 682 2081 eirca
703 2045 940 2081 Damascum
963 2046 1137 2089 (6011111.
1155 2046 1356 2083 Palestina
1375 2057 1414 2081 in
1434 2046 1614 2082 Carmelo
1634 2048 1671 2082 et
1688 2047 1789 2082 circa

81 2092 237 2127 sichem
255 2096 292 2128 et
311 2092 633 2138 Hierosolymam
652 2092 831 2138 (Boissi).
851 2093 896 2128 Fl
930 2104 1029 2129 vere.

127 2155 377 2198 Indumento,
400 2156 546 2202 calycis
580 2156 734 2192 laciniis
757 2157 868 2204 apice
899 2157 1013 2203 longe
1038 2157 1234 2194 subulatis
1256 2169 1279 2194 a
1302 2160 1337 2195 C.
1364 2156 1589 2196 dichotomo‘i
1619 2159 1788 2194 diversa.

81 2202 216 2238 Flores
236 2205 398 2249 magnit.
419 2204 631 2249 variantes,
650 2204 798 2252 saepius
817 2205 874 2241 eis
895 2204 933 2241 C.
955 2204 1191 2243 dz'chotomoe
1206 2206 1387 2252 majores.

140 2345 209 2386 8‘1.
243 2344 297 2388 C.
333 2344 695 2388 Reuteriana
726 2345 887 2400 (Boiss.
925 2350 967 2390 et
1006 2346 1095 2388 Bai.
1131 2347 1284 2401 Diagn.
1314 2346 1408 2391 Ser.
1439 2347 1490 2400 ll,
1528 2349 1568 2400 3,
1604 2362 1644 2403 p.
1683 2347 1788 2402 108)

80 2404 228 2458 patule
263 2403 731 2456 striguloso·setulosa‚
759 2405 881 2448 caule
917 2409 1061 2449 erecto
1095 2418 1288 2460 superne
1322 2407 1563 2449 diclnotome
1602 2419 1789 2458 ramoso,

81 2463 193 2505 foliis
230 2462 460 2505 sessilihus
493 2462 688 2517 oblongis
722 2464 906 2517 integris
940 2465 1247 2519 superioribus
1275 2466 1575 2509 acutiusculis.
1602 2467 1788 2508 floribus

80 2521 125 2563 in
161 2521 431 2564 dichotomiis
470 2525 511 2565 et
546 2523 852 2565 terminalibus
889 2523 1205 2578 pedunculatis‚
1243 2525 1401 2579 calycis
1440 2525 1582 2578 asperi
1620 2525 1787 2568 laciniis

81 2579 334 2624 lanceolatis
369 2580 628 2625 acuminatis
660 2582 896 2625 fructiferis
931 2584 1111 2626 accretis
1138 2584 1349 2637 elongatis
1377 2585 1534 2626 erectis
1562 2585 1784 2638 capsulam

80 2640 217 2683 multo
251 2639 578 2693 superantibus,
611 2641 924 2696 appendicibus
952 2642 1047 2684 latis
1083 2643 1294 2685 brevibus
1330 2642 1590 2695 rotundatis,
1625 2643 1784 2685 corolla

77 2698 265 2741 caerulea
288 2699 587 2752 campanulala
604 2700 746 2754 calyce
773 2699 972 2755 ¹l3-02-plo
994 2701 1188 2755 longiore
1206 2701 1259 2743 ad
1279 2713 1439 2743 nervos
1459 2701 1587 2754 hirta,
1609 2702 1784 2755 capsula

78 2760 259 2800 nutante
291 2760 356 2808 Θ.

126 2830 226 2866 Hah.
246 2830 285 2866 in
305 2830 442 2866 Cilicia
459 2831 508 2866 ad
526 2831 675 2867 radices
693 2832 813 2868 Tauri
832 2843 951 2880 prope
970 2833 1099 2870 Giilek
1121 2833 1281 2879 Boghas
1298 2833 1385 2880 (Ky.
1398 2833 1482 2870 349!
1497 2833 1614 2878 Bau),
1635 2834 1673 2868 in
1693 2833 1783 2869 suh-

77 2875 223 2921 alpinis
254 2877 520 2913 Kurdistaniae
551 2878 715 2915 Persicae
746 2879 796 2915 ad
830 2880 1002 2916 Mendeli
1031 2882 1132 2926 (Noe
1163 2881 1305 2926 11791).
1331 2883 1369 2916 111
1402 2884 1537 2916 monte
1569 2881 1634 2916 Pir
1663 2880 1785 2916 Omar

78 2923 246 2960 Gudrun
262 2924 492 2961 300025000·
511 2925 690 2970 (Haussk
700 2928 736 2971 1).
757 2927 800 2962 V.
818 2927 905 2963 sicc.
925 2931 960 2963 et
979 2929 1057 2963 viv.
1077 2928 1166 2963 cult.

125 2986 293 3031 Pedalis,
312 2987 455 3023 similis
475 2987 515 3027 C.
535 2988 722 3036 strz'yosoe,
743 2991 856 3026 liores
876 2992 1042 3037 majores
1070 2991 1181 3027 12-16
1209 2991 1334 3027 lineas
1356 2991 1477 3036 longi,
1495 2990 1545 3026 ab
1565 2994 1609 3026 ea
1632 2990 1785 3026 laciniis

1547 3054 1594 3090 59
