2071 3241
110 242 240 281 lauza.
835 252 1081 280 composrrAE.
1735 241 1808 280 193

164 327 211 426 ξι.
239 325 450 426 gevamero..
482 349 537 355 -—-
564 326 716 368 Patule
740 325 899 377 lanata,
924 325 1072 379 phlea
1105 324 1319 368 involucri
1355 325 1571 367 exteriora
1604 325 1807 369 breviora

109 397 158 428 su
210 397 359 428 a1ora.

156 457 248 494 Hah
258 458 299 493 in
314 460 445 494 monte
458 457 742 503 Bulghasdagh
757 457 941 503 Phrygiae
959 457 1052 502 (Bal
1060 459 1102 502 l).

155 522 222 559 Δι’.
246 522 376 568 Geogr.
394 523 564 567 Austria,
576 522 787 567 Dalmatia,
805 521 912 566 regio
931 520 1180 567 Danubialis‚
1197 521 1337 557 Rossia
1355 521 1484 557 media
1509 522 1546 557 et
1563 522 1759 557 australis.

171 645 239 686 ΞΟ.
274 643 315 687 1.
363 642 806 686 Montbretiana
842 641 944 696 (nc.
985 641 1137 685 Prodr.
1171 641 1264 695 VII,
1298 656 1338 697 p.
1368 642 1474 697 984)
1501 643 1707 696 adpresse
1729 643 1808 685 vil-

107 702 403 753 loso-sericea,
421 702 618 744 caulibus
646 701 822 756 pumilis
850 701 1180 756 monocephalis‚
1217 702 1329 744 foliis
1352 701 1611 743 radicalilms
1641 701 1807 743 lanceo-

112 762 481 815 lato-spathulatis
506 760 815 803 obtusiusculis
841 760 886 801 in
919 760 1122 812 petiolum
1152 760 1277 812 longe
1306 760 1538 802 attenuatis
1572 760 1809 812 superiori-

112 820 196 865 bus
234 820 474 862 linearibus
511 818 711 861 omnibus
734 819 1041 871 integerrimis,
1065 819 1266 872 capitulis
1302 818 1565 872 majusculis,
1591 818 1806 861 involucri

113 879 308 932 squamis
347 878 586 921 imbricatis
618 877 843 930 adpressis
873 878 927 920 ab
959 877 1120 919 infimis
1157 876 1501 929 ovato-oblongis
1522 877 1657 919 acutis
1690 877 1809 931 apice

115 937 283 981 villosis
305 938 355 979 ad
390 937 539 980 intima
576 936 991 978 lineari-lanceolata
1030 936 1273 978 acuminata
1306 935 1467 978 sensim
1493 935 1641 987 auctis,
1668 934 1811 988 ligulis

114 995 339 1040 involucro
367 996 499 1050 duplo
526 994 807 1047 longioribus,
833 995 1023 1037 acheniis
1054 995 1234 1037 hirsutis
1270 1001 1329 1042 26.
1360 993 1393 1034 Ι.
1420 996 1629 1035 montana
1651 995 1741 1037 Bal.
1763 998 1805 1036 et

116 1054 275 1108 Bourg.
297 1055 353 1109 pl.
374 1055 446 1098 Or.
474 1059 561 1098 exs.
585 1067 672 1096 non
700 1053 746 1094 L.

163 1128 309 1165 Halmii·
323 1129 434 1165 siccis
443 1128 664 1175 subalpinis
674 1128 838 1164 Galatiae
852 1128 1027 1173 (Wiedl),
1043 1127 1451 1174 Cappadociae(Auch.
1461 1127 1589 1173 30901)
1603 1129 1687 1164 etin
1699 1139 1811 1164 mon-

114 1175 221 1212 tibus
258 1176 594 1221 Masmeneudagh
624 1179 662 1210 et
697 1175 869 1221 Alidagh
895 1175 1031 1219 (Ball),
1056 1178 1188 1210 monte
1221 1175 1447 1221 Berytdagh
1481 1175 1678 1210 Cataoniae
1705 1175 1810 1212 8000'

115 1223 295 1267 (Haussk
311 1225 347 1268 1),
362 1223 549 1259 Armenia
566 1233 685 1270 prope
704 1222 892 1257 Erzerum
906 1222 1066 1272 (Huetl)
1083 1226 1120 1258 et
1134 1222 1278 1257 Baibut
1295 1222 1445 1266 (Boura
1457 1223 1492 1266 l).

163 1286 305 1322 Caules
327 1287 414 1323 4-6-
444 1287 644 1331 ollicares3
662 1285 868 1321 simillima
884 1285 917 1321 I.
939 1289 1141 1322 montanae
1159 1284 1197 1320 L.
1218 1296 1286 1331 pro
1304 1286 1415 1330 cuius
1434 1285 1558 1320 forma
1579 1286 1696 1320 etiam
1724 1296 1809 1321 eam

118 1333 252 1376 habui,
272 1334 340 1369 sed
359 1334 398 1369 in
436 1363 440 1367 .
461 1331 655 1370 montanai*
675 1333 771 1368 folia
786 1333 853 1368 inf.
872 1333 1085 1377 obtusiora,
1102 1332 1299 1368 involucri
1346 1331 1457 1377 hylla
1476 1342 1552 1367 non
1584 1332 1812 1377 regulariter

116 1380 322 1417 imbricata
354 1381 423 1416 sed
453 1380 729 1425 subbiseriata‚
750 1384 911 1416 externa
930 1379 1112 1425 longiora
1128 1379 1292 1416 foliacea
1334 1379 1653 1425 meari-oblonga
1671 1379 1813 1415 obtusa

117 1438 286 1511 {areaque
301 1428 562 1510 geographica
575 1427 690 1463 valde
708 1428 914 1473 disjuncta.
930 1428 1150 1468 Achenium
1170 1428 1209 1463 in
1228 1427 1324 1473 ipsis
1347 1437 1446 1473 spec.
1466 1427 1721 1462 Aucherianis
1739 1427 1814 1462 hir-

114 1498 117 1503 ·
135 1485 202 1510 um
219 1485 287 1510 nec
302 1486 326 1521 g
344 1488 365 1511 a
396 1485 493 1510 rum.

179 1601 247 1643 21.
272 1601 312 1644 1.
342 1600 646 1644 Britanioa
661 1600 728 1655 (L.
755 1600 826 1655 Sp.
859 1599 989 1654 1237)
1016 1601 1115 1653 plus
1140 1600 1340 1642 minusve
1362 1599 1713 1654 adpressiuscule
1736 1598 1818 1640 vil-

116 1660 212 1709 losa
240 1661 306 1702 vel
336 1660 490 1711 lanata,
517 1660 639 1701 caule
665 1663 808 1702 erecto
836 1660 1089 1712 corymbose
1117 1658 1473 1713 e-pleiooepnalo,
1503 1658 1611 1699 foliis
1635 1657 1814 1709 integris

119 1719 189 1763 vel
222 1719 412 1762 obsolcte
442 1718 626 1762 dentatis
659 1718 941 1761 inferioribus
983 1718 1230 1760 lanceolatis
1266 1717 1310 1760 in
1337 1717 1546 1772 petiolum
1584 1715 1814 1758 attenuatis

121 1778 425 1832 superioribus
464 1791 487 1820 a
523 1777 615 1820 basi
656 1776 796 1820 sessili
823 1777 1323 1831 cordato-amplexicauli
1361 1774 1814 1827 oblongo-lanceolatis

118 1836 391 1881 acuminatis.
416 1836 616 1889 capitulis
659 1837 753 1878 laxe
791 1836 1059 1889 corymbosis
1097 1834 1364 1889 majusculis.
1400 1834 1612 1876 involucri
1656 1832 1815 1887 phyllis

120 1895 447 1948 subaequalibus
463 1894 571 1936 laxis
596 1897 778 1949 anguste
802 1895 1228 1937 lineari-lanceolatis
1253 1893 1506 1936 acuminatis
1525 1891 1816 1934 exterioribus

121 1953 325 2054 il'iolliasseis,
343 1954 734 2054 {igssssi431iJVOIUCrO
759 1952 978 2008 subduplo
1004 1953 1285 2004 longioribus,
1301 1951 1492 1995 acheniis
1517 1950 1641 1992 hirtis
1672 1957 1730 1998 36.
1759 1950 1814 1991 Ic.

177 2046 183 2053 .
255 2026 319 2054 an.
363 2026 382 2054 a
423 2046 430 2052 .
517 2018 554 2054 ⁹.

170 2086 271 2122 Hah.
291 2087 341 2122 ad
361 2097 484 2133 aquas
503 2090 541 2122 et
558 2088 598 2122 in
618 2086 805 2130 humidis,
827 2087 867 2121 in
882 2086 1181 2123 australiorihns
1211 2088 1409 2128 montana,
1431 2084 1582 2119 Graecia
1595 2083 1633 2118 in
1654 2082 1820 2117 Arcadia

123 2134 173 2169 ad
192 2134 321 2169 lacum
341 2134 668 2180 stymphalidem,
688 2134 847 2179 regione
867 2134 1041 2170 inferiori
1067 2133 1249 2168 Parnassi
1270 2136 1307 2167 et
1335 2132 1478 2167 montis
1499 2130 1641 2176 Delphi
1676 2129 1818 2164 Eulieae

123 2181 309 2225 (Heldrl),
325 2181 553 2217 Macedonia
581 2181 753 2227 (Orphl),
784 2181 952 2217 Thracia
969 2181 1118 2225 (Μὶν),
1148 2181 1332 2217 Armenia
1351 2179 1512 2213 ancica
1534 2187 1653 2224 prope
1683 2176 1824 2210 Baibut

123 2227 274 2273 (Bourg
287 2230 323 2272 l),
335 2228 491 2273 Tauria,
501 2230 710 2274 Caucasus,
726 2232 763 2264 et
778 2239 886 2275 prov.
906 2228 1246 2263 Transcaucasicae
1260 2227 1444 2271 (Ledeb.).

183 2350 227 2404 β.
254 2349 474 2402 rupestrz's
501 2350 675 2394 Griseb.
697 2349 747 2392 It.
772 2350 914 2402 Hung.
932 2363 973 2404 p.
997 2351 1093 2391 337.
1116 2374 1174 2380 —
1193 2348 1418 2400 GraciHor,
1435 2347 1534 2390 folia
1559 2346 1821 2398 angustiora,

123 2409 355 2464 superiora
379 2409 469 2451 basi
496 2409 912 2462 subamplexicaulia
955 2409 1044 2451 fere
1074 2408 1384 2453 exauriculata,
1430 2406 1616 2459 capitula
1640 2404 1821 2455 minora,

126 2469 274 2522 phylla
302 2468 519 2513 exteriora
541 2481 563 2508 a
592 2468 731 2511 medio
769 2481 1019 2523 squarrosa.
1057 2491 1110 2498 —
1145 2468 1184 2510 J.
1211 2465 1442 2519 Britanica
1469 2477 1556 2507 var.
1581 2462 1823 2503 dichotoma

125 2539 205 2570 nc.
233 2527 387 2569 Prodr.
417 2550 467 2557 —
510 2526 544 2569 I.
570 2526 842 2568 ‘mic-rantleos
873 2539 954 2569 oe.
985 2526 1139 2569 Prodr.
1169 2527 1221 2579 V,
1254 2538 1296 2579 p.
1330 2525 1428 2577 467,
1458 2535 1540 2565 non
1570 2522 1682 2563 Poir.
1704 2544 1758 2551 --
1782 2519 1820 2561 I.

129 2584 366 2627 Orientali-3
389 2584 493 2628 Urv.
513 2585 576 2628 En
615 2598 703 2627 non
729 2585 851 2628 alior.

174 2658 272 2693 Hah.
288 2659 327 2693 in
342 2658 506 2705 planitie
525 2659 950 2695 maritimaThessaliae
962 2658 1149 2703 (Heldrl),
1163 2658 1275 2704 Syria
1283 2667 1402 2704 prope
1412 2655 1588 2692 Marasch
1601 2653 1777 2699 (Haussk
1789 2658 1827 2697 ll,

126 2704 259 2741 Persia
276 2705 359 2741 hor.
381 2705 576 2751 (Buhsel),
593 2708 629 2741 et
647 2706 1003 2750 australifflaussk
1015 2708 1050 2750 l).

174 2768 308 2804 Potius
326 2770 452 2804 forma
468 2769 710 2805 intermediis
724 2770 775 2806 ad
794 2772 934 2816 typum
951 2769 1146 2804 transiens
1162 2778 1280 2815 quam
1299 2768 1468 2802 varietas
1479 2766 1672 2802 distincta.

130 2877 143 2913 l
172 2831 384 2913 Διὸῑξὲᾳςζτ.
403 2832 563 2914 {Europa
583 2832 711 2868 media
740 2843 762 2868 a
781 2833 911 2869 Dinia
929 2835 967 2868 et
996 2832 1141 2868 Gothia
1159 2832 1207 2868 ad
1227 2831 1407 2867 Rossiam
1433 2829 1602 2865 mediam
1628 2830 1665 2864 et
1681 2830 1830 2863 austra-

147 2887 219 2924 em,
267 2889 279 2913 i
311 2889 383 2914 iria
420 2889 441 2914 o
462 2890 499 2915 a.

191 3002 260 3043 22.
298 3000 335 3044 1.
359 3000 734 3047 Anchariana
755 3002 859 3058 (oc.
883 3002 1038 3045 Prodr.
1067 3001 1160 3054 VII,
1185 3014 1225 3056 p.
1255 2999 1360 3054 284)
1383 2999 1620 3041 rliizomate
1642 2997 1834 3052 obliquo,

1549 3071 1598 3107 13
