2912 4368
333 689 473 728 Rubia.
1075 690 1298 717 RUBIACEAE.
1995 677 2041 711 17

332 779 439 806 mam
465 769 502 803 et
520 766 605 801 Beit
622 764 803 799 Kaschbo
832 763 992 798 ditionis
1010 762 1237 797 Kesraouan
1257 758 1426 804 (Gaius),
1447 757 1495 793 ad
1516 757 1626 794 Eden
1661 768 1801 794 versus
1829 758 1953 793 Danie
1974 758 2042 793 alt.

332 815 437 852 5500’
455 811 676 858 (1<y.3331).
698 811 754 846 Fi.
776 813 868 856 Apr.

380 876 442 914 Ab
463 874 649 912 omnibus
668 873 851 908 distincta
882 872 992 907 caule
1027 874 1153 906 erecto
1184 870 1294 905 brevi
1313 868 1543 915 semipedali
1563 868 1626 904 vel
1645 868 1714 904 vix
1732 868 1914 913 longiori,
1937 867 2044 902 foliis

333 924 521 961 brevibus
542 921 635 957 latis
656 922 819 966 abrupte
839 918 1081 954 acuminatis.
1103 918 1232 953 Radix
1253 926 1403 962 repens„

394 1044 433 1083 2,
462 1041 522 1082 R.
547 1039 875 1082 tinctorum
901 1037 967 1090 (L.
996 1037 1067 1090 Sp.
1099 1036 1211 1083 158]
1244 1034 1440 1078 caulibus
1486 1034 1697 1087 elongatis
1733 1033 2045 1077 scandentibus

333 1100 556 1145 herbaceis
580 1098 736 1140 annuis
759 1096 983 1147 scabridis,
1007 1095 1121 1137 foliis
1146 1095 1314 1136 4—6-nis
1340 1094 1535 1147 oblongis
1571 1093 1639 1135 ve!
1677 1092 1925 1135 lanceolatis
1952 1093 2045 1133 basi

335 1158 567 1203 attenuatis
591 1157 747 1199 subtus
774 1154 1075 1209 penniuerviis
1098 1154 1291 1206 margine
1307 1153 1415 1195 etad
1438 1164 1625 1195 nervum
1643 1151 2044 1202 aculeato-scabris,

335 1215 696 1271 cymisfoliolosis
723 1215 822 1257 folia
845 1213 1042 1255 axillaria
1073 1214 1210 1254 multo
1245 1211 1557 1265 superantibus
1595 1210 1640 1252 in
1678 1210 1924 1270 pmiicuiam
1956 1212 2047 1251 ter-

334 1275 537 1319 minalem
565 1273 761 1326 digestis,
790 1272 963 1314 coroilae
988 1272 1099 1313 iobis
1133 1270 1534 1312 ovato-lanceolatis
1564 1270 1805 1323 apiculatis,
1847 1268 2045 1310 antheris

335 1332 722 1384 lineari-oblongis,
751 1330 1023 1384 stigmatibus
1046 1329 1494 1383 capitato-subconicis
1518 1333 1554 1375 26
1582 1329 1768 1370 Ic.Lam.
1783 1328 1848 1370 lli.
1868 1328 1953 1369 tab.
1974 1328 2043 1376 60,

337 1393 409 1447 fig.
437 1393 468 1434 Ι.
500 1414 555 1421 -
576 1392 637 1433 Fi.
666 1391 803 1432 Graec.
828 1389 914 1431 tab.
945 1390 1039 1430 141„

383 1464 484 1500 Hab.
505 1464 555 1498 ad
575 1474 685 1509 sepes
705 1465 743 1498 et
756 1463 795 1496 in
817 1461 993 1496 dumosis
1012 1461 1176 1496 Graeciae
1195 1461 1246 1495 ad
1262 1460 1473 1496 Phalerum
1493 1460 1631 1494 Attioae
1652 1459 1744 1505 (Spr
1758 1459 1991 1504 1),Laconiae
2009 1460 2049 1493 in

337 1516 469 1547 monte
495 1510 650 1545 Malevo
678 1520 798 1555 prope
831 1509 978 1553 Hagios
1000 1508 1133 1543 Petros
1156 1507 1327 1553 (Orpbi),
1354 1507 1594 1542 Macedomae
1618 1507 1770 1551 (ΕΙ-ἰν),
1789 1506 1987 1541 Anatoliae
2010 1506 2051 1540 in

337 1561 469 1593 monte
505 1557 780 1600 Kechichdagb
817 1555 1059 1600 (NViedemi),
1095 1557 1227 1589 monte
1265 1554 1406 1589 Tmolo
1446 1554 1583 1598 Lydiae
1619 1554 1771 1598 (Boissl
1792 1556 1818 1597 ),
1839 1554 1968 1598 Lyciae
2000 1553 2051 1588 ad

338 1604 497 1640 Elmalu
516 1604 665 1649 [Bourg
699 1604 812 1646 1231),
833 1602 956 1647 Syriae
980 1602 1029 1636 ad
1051 1603 1290 1636 Damascum
1322 1601 1444 1645 (Gaill
1463 1604 1488 1645 1)
1513 1604 1549 1635 et
1578 1601 1626 1635 ad
1645 1600 1799 1635 madan
1830 1600 2050 1635 Antilibani

339 1651 427 1697 (Ky.
446 1652 509 1686 881
537 1652 612 1686 sub
633 1651 678 1687 R.
696 1648 855 1693 lucida),
878 1651 917 1682 in
936 1649 1087 1683 Libano
1121 1649 1170 1684 ad
1203 1648 1414 1683 Beseherre
1435 1648 1566 1691 (Euri)
1585 1648 1635 1682 ad
1663 1658 1777 1693 sepes
1797 1647 1990 1692 Marasch,
2011 1647 2051 1681 in

339 1701 470 1734 monte
499 1698 564 1733 Pir
594 1696 715 1732 Omar
744 1697 909 1732 Gudrun
942 1696 1117 1740 Assyria)
1153 1698 1190 1730 et
1223 1696 1272 1729 ad
1306 1695 1606 1730 Kermanschah
1638 1697 1674 1729 et
1700 1695 1882 1729 Amadan
1902 1695 2045 1729 Persiae

338 1744 514 1790 (Haussk
526 1747 561 1789 1),
580 1744 628 1779 ad
647 1744 784 1779 Musch
812 1743 1006 1777 Armenia}
1027 1743 1242 1787 (Ky5031),
1257 1743 1298 1777 in
1316 1742 1470 1787 Tauria,
1487 1752 1595 1788 prov.
1610 1742 1833 1777 Caucasicis
1855 1745 1893 1777 et
1909 1741 2051 1776 Trans-

339 1792 551 1828 eaueasicis
569 1791 744 1834 tLedeb.)
765 1811 807 1814 —-
827 1792 961 1825 (Jrraece
978 1790 1129 1825 Rz'zarz'.

385 1854 448 1890 Ab
465 1854 650 1890 omnibus
666 1853 921 1899 sequentibus
940 1852 1114 1887 antberis
1132 1852 1328 1897 distincta,
1348 1852 1418 1887 hae
1437 1855 1540 1896 nota,
1558 1852 1715 1887 corollae
1733 1852 1836 1887 lobis
1853 1862 1931 1888 non
1952 1853 2050 1887 aris—

341 1901 442 1946 tatis,
461 1905 540 1945 etc„
561 1912 583 1936 a
602 1901 805 1935 simillima
823 1900 872 1935 R.
894 1897 1105 1946 peram-imi
1124 1910 1278 1945 semper
1296 1899 1590 1945 distinguenda.

386 1964 447 2000 Ar.
466 1964 601 2009 Geoqr.
622 1963 755 1998 Gallia
774 1962 1053 2007 meridionalis,
1073 1962 1193 2007 Italia,
1216 1962 1421 2009 Hispania,
1442 1962 1658 1998 Dalmatia.

402 2081 440 2121 3.
469 2081 528 2122 R.
551 2080 872 2135 peregrina
900 2079 1046 2133 (L.Sp.
1071 2080 1172 2128 158)
1188 2080 1384 2122 caulibus
1400 2081 1610 2134 elongatis
1630 2082 1940 2124 scandentibus
1956 2082 2054 2124 her-

344 2139 485 2181 baceis
505 2140 630 2181 valde
659 2138 823 2179 scabris
846 2142 969 2193 parte
988 2138 1182 2181 inferiori
1207 2140 1567 2193 perennantibus‚
1590 2141 1687 2182 fotis
1711 2140 1876 2183 lic-nis
1906 2141 2056 2182 obion-

343 2198 407 2252 gis
441 2198 746 2240 lanceolatisve
774 2197 979 2239 coriaceis
1003 2197 1158 2239 lucidis
1187 2198 1430 2240 uninerviis
1466 2199 1518 2240 ad
1548 2212 1736 2241 nervum
1762 2203 1803 2242 et
1834 2200 2054 2252 margines

343 2257 470 2299 valde
509 2256 1044 2309 denticulato-spinuiosis,
1071 2257 1207 2309 cymis
1234 2257 1491 2299 axiliaribus
1533 2262 1575 2300 et
1612 2258 1916 2300 terminalibus
1954 2259 2056 2302 folia

345 2315 669 2369 superantibus,
687 2315 859 2356 corollae
872 2314 980 2356 iobis
993 2315 1450 2368 oblongo-lanceolatis
1470 2316 1597 2370 longe
1619 2318 2055 2360 mucronato-arista-

344 2373 414 2424 tis,
430 2373 622 2415 antheris
638 2373 791 2423 ovatiS,
816 2374 1090 2425 stigmatibus
1112 2374 1307 2428 capitatis
1335 2379 1389 2419 26.
1413 2376 1468 2416 Ic.
1494 2376 1613 2417 Lam.
1638 2376 1701 2417 Ill.
1731 2376 1816 2418 tab.
1846 2377 1997 2429 GO,iig.
2015 2379 2053 2418 2.

392 2446 492 2481 Hab.
509 2445 558 2481 ad
577 2455 687 2491 sepes
707 2446 876 2489 regionis
907 2445 1059 2489 calidae,
1078 2446 1300 2491 Zacynthus
1316 2447 1490 2496 (Margi).
1512 2448 1626 2484 Creta
1646 2449 1696 2484 ad
1714 2450 1869 2484 Ix'bania
1888 2450 2055 2497 (Bauli),

344 2493 470 2528 Attica
484 2493 639 2538 (Sprun.
657 2493 731 2527 sub
753 2492 799 2528 R.
819 2491 979 2537 Zac-idai),
1000 2493 1232 2538 Byzantium
1253 2495 1369 2538 (Noe'i
1389 2496 1481 2530 Cast
1496 2497 1531 2539 ἔ),
1551 2496 1720 2531 Thracia
1740 2497 1900 2540 (Griseb
1915 2500 1939 2537 ἔ)

390 2557 531 2593 Planta
542 2557 663 2602 vulgo
679 2557 816 2602 glabra
828 2558 895 2592 sed
909 2559 948 2592 in
968 2559 1248 2604 speciminibus
1266 2559 1470 2605 Hispaniae
1497 2560 1680 2595 australis
1704 2560 1901 2596 interdum
1919 2562 2060 2607 pubes-

345 2614 446 2640 cens.
466 2604 514 2640 R.
536 2604 679 2647 lucida,
697 2604 743 2640 R.
765 2604 936 2640 Bocconz·
959 2606 1131 2650 Petagn.‚
1150 2606 1350 2653 quzce'enz’c'
1366 2607 1510 2652 Duby.,
1530 2607 1737 2654 splendens
1758 2608 1903 2643 Hoffm.
1927 2610 2053 2655 specie

345 2651 623 2687 verosimiliter
641 2662 717 2685 non
738 2651 931 2686 differunt.

393 2715 454 2749 Ar.
474 2714 607 2758 Geoqr.
630 2714 786 2760 Europa
806 2714 990 2750 australis
1009 2716 1091 2750 tota
1106 2726 1128 2750 a
1145 2715 1504 2761 Lusitania,Gailia
1522 2716 1652 2752 media
1667 2720 1705 2752 et
1723 2718 1884 2753 australi
1903 2719 1952 2754 ad
1974 2719 2062 2754 Dal-

347 2762 523 2805 matiam,
544 2761 673 2796 Africa
694 2762 874 2796 borealis.

409 2866 448 2907 4.
495 2866 556 2907 R.
600 2865 846 2908 Olivieri
870 2865 940 2920 (A.
965 2866 1087 2909 Rich.
1123 2869 1250 2910 Mem.
1276 2868 1369 2910 Sec.
1396 2869 1491 2912 Nat.
1520 2870 1619 2912 Par.
1651 2870 1700 2922 V,
1728 2884 1769 2924 p.
1799 2872 1900 2925 1302)
1928 2873 2060 2914 cauli-

351 2924 433 2966 bus
458 2925 643 2967 vetustis
670 2925 889 2966 fruticosis
912 2926 1042 2967 nudis
1071 2928 1449 2979 decumbentibus,
1485 2929 1618 2970 ramis
1658 2930 1814 2972 erectis
1851 2931 2059 2973 flexuosis

345 2983 595 3037 junioribus
634 2984 793 3037 saepius
819 2984 984 3025 minute
1011 2986 1371 3038 pubescentibus,
1406 2987 1520 3029 foliis
1544 2988 1662 3029 ss-nis
1685 2990 1822 3030 oratis
1862 2992 1929 3031 vei
1958 2990 2059 3032 obo-

353 3041 464 3084 vatis
486 3042 752 3084 mucronatis
778 3042 982 3084 coriaceis
1009 3044 1163 3086 lucidis
1187 3045 1432 3088 uninerviis
1449 3047 1646 3099 margine
1667 3048 1831 3089 scabris
1855 3053 2060 3091 (aiterum

354 3100 560 3152 laevibuS,
587 3102 722 3154 cymis
749 3100 1002 3144 axillaribus
1030 3103 1130 3145 solia
1163 3104 1236 3145 vix
1269 3105 1596 3158 superantibus,
1630 3106 1801 3148 corollae
1839 3108 1947 3149 lobis
1972 3109 2061 3149 lan-

351 3159 528 3202 ceolatis
550 3161 1060 3210 attenuato-acuminatis,
1092 3163 1286 3204 antheris
1305 3164 1462 3214 ovatis,
1490 3164 1765 3217 stigmatibus
1800 3167 1995 3220 capitatis
2021 3176 2058 3214 ξ).

355 3217 405 3258 R.
427 3216 575 3259 lucida
606 3217 741 3260 Sibtb.
768 3218 830 3259 Fi.
859 3219 932 3260 Gr.
963 3219 1019 3270 11,
1046 3233 1139 3274 pag.
1166 3222 1237 3274 32,
1260 3222 1346 3264 tab.
1374 3222 1457 3263 142
1485 3235 1573 3265 non
1598 3223 1648 3265 L.
1676 3246 1733 3253 —
1750 3224 1799 3265 R.
1826 3225 2064 3276 tennisola‘a

355 3273 461 3320 Urv.
488 3277 641 3319 Enum.
670 3290 711 3331 p.
732 3278 796 3317 17.

403 3348 502 3384 Hal).
511 3349 558 3384 ad
572 3359 683 3395 sepes
702 3360 817 3395 rupes
832 3353 869 3386 et
887 3361 1020 3386 muros
1031 3351 1291 3399 Pelopponesi
1306 3353 1355 3388 ad
1376 3354 1579 3390 Calamata
1593 3358 1632 3390 et
1650 3356 1827 3391 Navarin
1845 3358 2065 3402 (Gittardi),

354 3397 502 3448 montis
535 3396 690 3431 Malevo
728 3407 847 3443 prope
886 3398 1111 3434 Kastanitza
1130 3400 1457 3446 (XOrph1)„Atticae
1480 3402 1519 3436 in
1540 3402 1735 3438 Pentelieo
1772 3405 1921 3449 (sai-tr),
1941 3408 2065 3440 Cretae

356 3442 513 3488 (siebi),
532 3446 570 3478 et
587 3443 635 3478 ad
654 3444 813 3479 Malaxa
833 3444 997 3490 (Rauii),
1016 3446 1157 3481 insulae
1179 3447 1298 3482 Chios
1320 3447 1465 3493 (Olivt)
1485 3451 1522 3484 et
1543 3449 1583 3484 in
1607 3454 1739 3485 monte
1759 3453 1910 3496 Aragas
1930 3452 2066 3498 (Oi-ph.

1831 3515 1854 3550 2
