2126 3246
172 193 382 240 Asperula.
912 200 1134 227 RUBMCEAE.
1766 193 1769 196 ’
1833 192 1881 228 45

173 272 308 364 figet),
326 273 461 364 {egsia
474 271 657 308 australis
675 281 794 318 prope
812 270 968 307 Schiraz
991 271 1080 317 (Ky.
1095 271 1205 317 4441)
1223 273 1261 307 et
1278 271 1318 306 in
1346 272 1548 308 montibus
1568 272 1659 307 Kuh
1678 272 1879 318 Kilouyeh

233 329 327 355 auss
397 344 407 354 .

233 391 278 447 β.
304 391 578 445 pycnautha.
606 415 658 422 —
688 391 862 434 Ramuli
889 390 1013 434 valde
1035 391 1274 434 abbreviati
1300 392 1436 445 cymis
1463 392 1879 445 condensatissimis,

175 450 346 494 corollae
361 450 446 493 lobi
469 450 654 493 subinde
669 450 924 501 mucronati,
939 450 1105 493 fructus
1120 450 1339 493 interdum
1357 450 1592 493 albo-hirti.
1605 450 1879 494 Intermediis

177 508 231 551 ad
257 511 409 563 typum
437 509 607 552 transit.
623 531 681 540 —
705 508 756 550 A.
778 507 1039 562 pycnantlza
1064 509 1203 551 Boiss.
1229 509 1379 562 Diagn.
1397 508 1489 551 Ser.
1511 510 1543 561 Ι,
1570 511 1636 560 10,
1653 523 1693 563 p.
1720 510 1789 551 64.

221 588 321 624 Hah.
340 590 380 625 in
401 590 514 636 Syria
531 591 629 626 circa
651 590 888 626 Damascum
907 591 1046 635 (Auch.
1066 591 1154 626 712!
1173 590 1280 627 Gaill
1291 593 1328 637 1),
1347 592 1449 627 inter
1466 591 1659 627 Latakieh
1674 593 1710 627 et
1726 591 1879 639 Aleppo

175 636 353 681 (Boissl),
372 637 423 672 ad
439 637 588 672 Aintab
606 637 785 681 (Haussk
800 639 839 682 !).

226 699 365 734 Affinis
384 699 431 735 A.
455 699 492 736 A
525 700 638 736 arine
657 700 788 736 differt
814 700 918 735 foliis
941 701 1119 746 angustis
1145 700 1270 736 multo
1298 701 1429 736 minus
1449 701 1598 738 scabris
1625 701 1737 738 siccis
1760 702 1877 747 nigri-

174 746 369 791 cantibus,
389 711 569 784 caulibus
595 748 814 794 prostratis,
835 747 1135 792 inflorescentia,
1149 748 1289 783 florum
1308 747 1445 784 colore.

219 809 283 845 Ar.
305 809 440 855 Geoqr.
468 809 657 855 Bulgaria
675 809 855 856 (Boissl),
875 809 1017 846 Rossia
1038 810 1237 846 australis.

233 928 303 971 46.
335 928 396 972 A.
423 928 751 972 breviflora
783 929 942 983 (Boiss.
972 929 1124 982 Diagn.
1149 929 1242 972 Ser.
1267 929 1300 982 I,
1327 931 1394 980 10,
1411 943 1452 984 p.
1477 930 1554 985 63)
1567 931 1775 984 perennis
1789 931 1880 986 pal-

172 986 259 1030 lide
285 988 435 1032 vircns
464 999 488 1029 e
525 986 763 1032 rhizomate
799 987 1124 1030 suffrutescenti
1166 988 1442 1040 multicaulis,
1464 988 1660 1031 caulibus
1682 990 1875 1033 tenuiter

173 1045 352 1099 virgatis
376 1045 576 1099 rigidulis
607 1045 922 1100 quadrangulis
949 1046 1145 1100 opposite
1183 1047 1249 1089 vel
1275 1047 1436 1101 saepius
1464 1047 1705 1090 dichotome
1734 1061 1875 1091 ramo·

174 1104 249 1154 sis,
277 1104 390 1147 foliis
414 1105 531 1147 senis
554 1107 736 1157 anguste
761 1105 999 1147 linearibus
1024 1105 1304 1148 acutiusculis
1333 1107 1527 1159 margine
1553 1107 1766 1149 revolutis
1789 1120 1882 1150 sca-

175 1161 360 1206 bridulis
383 1163 629 1206 internodio
654 1165 788 1207 multo
815 1163 1114 1216 brevioribus,
1142 1164 1356 1206 fasciculis
1384 1165 1601 1207 3-7-ssoris
1627 1165 1881 1208 axillaribus

174 1219 369 1264 breviter
390 1221 694 1276 pedunculatis
717 1222 1110 1276 terminalibusque
1133 1222 1361 1265 sessilibus
1382 1223 1625 1277 paniculam
1652 1227 1876 1277 angustam

175 1279 476 1331 formantibus,
500 1280 729 1324 bracteolis
765 1279 960 1334 oblongis
987 1281 1189 1324 ciliatulis
1221 1282 1368 1324 ovario
1392 1282 1683 1334 brevioribus,
1707 1283 1878 1325 corollae'

174 1338 352 1382 minutae
389 1338 564 1381 sordide
591 1339 763 1382 luteolae
789 1339 994 1382 velutinae
1016 1340 1328 1394 campanulatae
1348 1341 1452 1384 tubo
1482 1340 1591 1384 lobis
1619 1341 1757 1384 ovatis
1781 1354 1881 1384 acu-

174 1396 373 1440 tiusculis
398 1397 471 1447 vix
497 1397 704 1451 longiore,
723 1397 917 1441 antheris
946 1398 1183 1441 linearibus
1209 1398 1523 1452 nigricantibus
1548 1399 1743 1452 inclusis,
1762 1400 1875 1453 stylo

175 1454 436 1499 brevissimo
448 1452 504 1498 'ad
517 1455 709 1499 medium
721 1455 942 1511 bipartitO,
955 1457 1226 1511 mericarpiis
1240 1457 1429 1511 globosis
1442 1458 1605 1512 glabris
1616 1458 1796 1501 laevibus
1820 1464 1858 1506 36
1873 1491 1880 1499 .

221 1527 323 1564 Hah.
342 1528 383 1564 in
401 1529 645 1576 rupestribus
663 1529 775 1565 siccis
799 1529 970 1575 regionis
999 1533 1197 1565 montanae
1218 1530 1360 1566 Libani
1379 1532 1481 1567 circa
1504 1532 1613 1567 Eden
1634 1531 1812 1578 (Boissl),
1829 1532 1880 1567 ad

176 1574 378 1612 Bischerre
400 1576 625 1621 (Ebrenbll,
647 1587 769 1624 prope
788 1576 919 1612 Hadet
935 1576 1000 1620 (131
1017 1578 1054 1622 1),
1074 1576 1124 1612 ad
1142 1576 1303 1623 Toghra
1328 1578 1430 1614 inter
1446 1578 1632 1614 Sidonem
1657 1582 1695 1614 et
1716 1579 1880 1615 Damas-

172 1632 261 1659 cum
280 1622 404 1667 (Gaill
416 1624 454 1668 l),
473 1623 512 1659 in
530 1623 743 1670 Caelesyria
761 1623 863 1659 inter
878 1623 1022 1659 Zachle
1040 1627 1078 1660 et
1095 1623 1269 1660 Balbeck
1284 1625 1374 1671 (Ky.
1393 1625 1516 1671 3381).
1535 1626 1592 1662 Fl.
1609 1626 1687 1662 Jul.

220 1686 377 1723 Pedalis
394 1686 458 1723 vel
474 1687 613 1722 elatior
630 1687 912 1733 ramosissima,
931 1687 1024 1725 folia
1038 1688 1102 1724 4-5
1120 1687 1258 1735 lineas,
1275 1688 1423 1725 corolla
1447 1689 1593 1726 lineam
1612 1689 1746 1736 longa.

236 1811 307 1853 47.
339 1810 400 1863 A.
431 1810 851 1865 brachyantha
884 1811 1043 1866 (Boiss.
1071 1812 1223 1865 Diagn.
1255 1812 1348 1856 Ser.
1379 1813 1411 1865 I,
1435 1814 1474 1867 6,
1504 1827 1546 1869 p.
1580 1813 1657 1869 66)
1672 1815 1879 1869 perennis

176 1869 271 1912 basi
307 1869 621 1912 suffrutescens
655 1870 919 1914 multicaulis
960 1871 1238 1923 glabrescens
1272 1871 1340 1914 vel
1366 1872 1448 1914 sub
1483 1873 1597 1916 lente
1614 1874 1878 1927 tomentclla,

174 1927 372 1972 caulibus
396 1927 552 1971 erectis
575 1928 754 1982 virgatis
768 1929 921 1982 rigidis
943 1930 1212 1985 simplicibus
1235 1931 1302 1974 vel
1325 1944 1518 1985 superne
1536 1932 1879 1984 1-2-1amulosis,

175 1986 288 2030 soliis
309 1987 422 2029 binis
449 1985 656 2030 brevibus
678 1987 845 2031 obtusis
867 1988 1030 2032 intimis
1054 1988 1488 2044 lineari-spathulatis
1511 1991 1680 2033 caetcris
1705 1991 1880 2033 lineari-

175 2044 273 2096 bus,
304 2045 516 2089 fasciculis
549 2046 777 2089 sessilibus
815 2047 1035 2090 3-5-ssoris
1070 2048 1279 2102 oppositis
1309 2049 1378 2090 1-3
1416 2049 1650 2092 verticillos
1689 2049 1878 2092 minutos

173 2108 366 2159 >remotos
388 2104 640 2148 terminales
676 2104 977 2159 formantibus,
1010 2106 1196 2149 bracteis
1230 2106 1343 2150 binis
1366 2108 1505 2151 ovatis
1538 2107 1762 2150 cucullatis
1786 2106 1879 2150 basi

176 2161 457 2206 subconnatis
480 2162 731 2206 fasciculum
745 2163 1120 2208 involucrantibus
1137 2165 1297 2208 corolla
1320 2165 1879 2214 subbrevioribus.corollae

175 2220 352 2264 sordide
379 2221 549 2264 luteolae
580 2222 787 2265 velutinae
807 2223 912 2266 tubo
944 2223 1124 2266 limbum
1149 2228 1350 2279 aequante
1380 2224 1485 2267 lobis
1508 2224 1704 2277 oblongis
1728 2224 1878 2276 acutis,

177 2279 372 2323 antheris
384 2279 580 2334 oblongis
603 2280 740 2333 nigris
764 2281 1049 2336 subexsertis,
1073 2281 1185 2336 stylo
1197 2283 1457 2326 brevissimo
1470 2283 1880 2337 subhipartito,ova-

176 2336 241 2379 rio
260 2337 468 2389 velutino,
482 2339 750 2393 mericarpiis
761 2340 950 2393 globosis
964 2340 1213 2396 majusculis
1225 2341 1408 2385 laevibus
1423 2342 1795 2394 glabrescentibus
1818 2348 1877 2390 26.

223 2409 325 2445 Hah.
343 2410 383 2446 in
401 2412 646 2458 rupestribus
664 2412 802 2449 calidis
824 2413 1020 2449 montium
1037 2414 1181 2449 Persiae
1198 2414 1605 2451 austro-occidentalis
1623 2414 1750 2458 (Auch
1771 2414 1880 2459 7501)

179 2458 217 2492 et
229 2456 331 2492 inter
351 2457 453 2493 Fasa
471 2463 509 2494 et
529 2458 685 2494 Schiraz
703 2460 842 2505 (Auch.
860 2460 951 2496 4631
968 2460 1046 2505 131),
1068 2461 1110 2496 in
1127 2462 1330 2497 montibus
1347 2462 1438 2498 Kuh
1458 2464 1593 2499 Daena
1610 2465 1648 2497 et
1667 2461 1758 2496 Kuh
1777 2461 1882 2497 Delu

175 2502 266 2549 (Ky.
284 2503 370 2540 5051
388 2507 424 2541 et
440 2505 558 2550 6511),
574 2505 613 2541 in
639 2509 773 2543 monte
804 2507 892 2543 Kuh
926 2507 1103 2544 Eschker
1132 2507 1261 2545 10000'
1284 2511 1322 2545 et
1339 2509 1379 2545 in
1400 2509 1603 2546 montibus
1624 2507 1880 2544 Backtiaricis

177 2549 309 2586 Kellal
327 2553 364 2586 et
378 2550 585 2588 Sebsekuh
606 2553 834 2599 (Hausskl).
853 2554 912 2589 Fl.
932 2553 1011 2589 Jul.

224 2612 365 2649 Caules
384 2614 544 2660 pedales
574 2618 723 2652 remote
740 2616 883 2659 foliosi,
904 2616 999 2653 folia
1017 2617 1082 2653 5-8
1106 2617 1177 2653 lin.
1197 2617 1331 2665 longa,
1359 2618 1543 2655 verticilli
1574 2618 1661 2665 piso
1695 2618 1878 2660 minores,

176 2659 325 2695 corolla
339 2661 408 2696 vix
437 2660 586 2698 lineam
614 2662 746 2708 longa.
775 2663 929 2711 Species
955 2665 1057 2701 inter
1083 2665 1219 2700 affines
1245 2665 1412 2702 bracteis
1439 2665 1643 2702 cucullatis
1671 2665 1880 2702 fasciculos

178 2705 318 2742 florum
336 2707 585 2753 cingentibus
603 2709 780 2756 insignis.

239 2828 312 2869 48.
348 2827 412 2872 A.
449 2829 794 2873 scutellaris
822 2830 1007 2885 (visiun.
1047 2830 1160 2874 Sem.
1203 2831 1326 2875 Hort.
1370 2832 1520 2875 Patav.
1573 2834 1696 2876 1836.
1732 2858 1785 2863 —-
1818 2833 1880 2875 Fl.

180 2884 319 2928 Dalm.
344 2886 419 2940 III,
446 2900 487 2942 p.
514 2889 581 2940 12,
606 2887 692 2930 tab.
719 2889 790 2938 25)
815 2890 1022 2944 perennis
1048 2901 1102 2934 ex
1124 2889 1361 2933 rhizomate
1386 2889 1711 2934 sulii-utesceuti
1736 2891 1882 2935 multi-

179 2943 329 2998 caulis,
374 2945 568 2989 caulibus
604 2947 760 2990 erectis
796 2947 920 2990 elatis
963 2948 1162 3002 rigidulis
1208 2949 1400 2992 tenuiter
1440 2950 1619 3004 virgatis
1655 2950 1881 3004 fragilibus
