2090 3291
227 211 300 249 484
960 202 1210 230 composrrAE.
1731 188 1918 227 Causinia
1928 215 1937 223 .

288 292 331 346 β.
361 285 538 331 Btohsei.
563 306 618 315 -
644 281 763 324 Folia
788 277 933 321 omnia
965 277 1010 318 in
1047 276 1269 328 segmenta
1297 272 1609 325 angustissime
1639 270 1818 312 linearia
1845 270 1942 324 pin-

229 351 435 394 natisecta
478 341 653 387 rachide
679 336 1017 393 angustissima,
1045 331 1231 387 capitula
1270 330 1492 373 interdum
1524 330 1602 373 sed
1643 341 1730 372 non
1765 340 1943 382 semper

230 407 484 463 angustiora
517 399 860 450 ovato-oblonga.
906 418 962 425 -—
989 392 1030 436 C.
1070 391 1253 436 humosa
1290 391 1430 432 Boiss.
1458 396 1502 431 et
1529 390 1680 432 Buhse
1711 388 1870 431 Enum.
1902 400 1940 442 p.

237 468 333 511 12-7.
355 489 410 496 -
435 463 476 506 C.
502 457 669 504 Bcclcsei
693 458 783 510 Bge
811 453 939 497 Cous.
970 465 1009 507 p.
1035 451 1105 494 22.

281 541 383 578 Hab.
403 548 492 575 cum
512 539 606 582 typo
626 531 825 578 (CAMii,
843 538 965 577 prope
984 527 1125 563 Tauris
1142 525 1349 570 (Buhsel).

281 601 465 651 Capitula
485 600 542 636 eis
560 597 647 644 typi
661 595 809 631 simi-lia
828 597 863 629 et
878 593 1099 638 fragmenta
1121 601 1143 625 a
1161 589 1207 625 cl.
1225 588 1357 625 Buhse
1376 587 1501 624 relata
1521 597 1666 623 nexum
1684 587 1786 623 inter
1803 590 1946 633 typum

235 656 274 690 et
291 652 523 688 varietatem
542 645 724 694 probant.

297 770 366 811 61.
402 766 452 810 C.
487 757 860 815 trachylepis
893 755 1003 812 (Bge
1035 754 1164 798 Cous.
1187 766 1224 808 p.
1246 752 1321 807 ⁰2⁴2)
1345 750 1567 806 perennis,
1593 751 1716 794 caule
1743 751 1945 794 floccoso-

234 829 478 873 tomentoso
510 832 635 877 parce
664 829 849 868 ramoso,
873 815 985 857 foliis
1008 813 1215 856 coriaceis
1242 814 1448 866 utrinque
1472 809 1947 853 arachnoideo·lanatis

237 879 740 938 semiamplexicaulibus
776 871 1282 930 pinnatipartito-lobatis
1317 870 1456 924 rigide
1491 870 1682 924 spinosis
1718 869 1949 912 undu'ato-

236 942 543 997 subcrispatis,
569 938 679 982 lobis
716 932 1247 988 triangulari-lanceolatis
1284 934 1444 984 praeler
1478 929 1650 983 spinam
1677 928 1950 971 terminalem

239 1004 425 1047 validam
465 998 657 1052 margine
695 992 1084 1049 spinoso-dentatis
1106 1024 1116 1041 ‚
1152 989 1354 1043 capitulis
1393 988 1712 1045 subsessilibus
1748 989 1953 1031 termina-

240 1065 356 1107 libus
384 1058 593 1104 solitariis
623 1055 764 1098 ovatis
799 1051 997 1105 oblongis
1029 1049 1326 1092 35-40-ssoris.
1353 1048 1568 1091 involucri
1601 1058 1726 1101 parce
1753 1046 1954 1089 araneosi

240 1121 400 1178 phyllis
429 1118 564 1172 rigide
584 1110 1042 1165 subulam-triquetris
1066 1109 1238 1151 extimis
1267 1107 1480 1155 recurvis,
1514 1107 1668 1149 mediis
1705 1105 1955 1159 patentissi-

242 1182 325 1225 mis
352 1171 820 1228 arcuato-squamosis,
851 1169 1017 1212 intimis
1049 1168 1253 1210 flosculos
1281 1167 1461 1209 citrinos
1496 1166 1770 1220 aequantibus
1799 1177 1957 1208 versus

244 1241 411 1294 apicem
450 1236 581 1279 dorso
625 1228 1094 1278 muriculam-scabris,
1138 1227 1329 1269 acheniis
1373 1225 1717 1280 obpyramidatis
1762 1223 1957 1278 margine

248 1297 437 1342 dentatis
474 1301 534 1344 26.

293 1371 395 1407 Hah.
418 1369 458 1405 in
478 1367 611 1404 Persia
630 1365 731 1400 inter
747 1362 929 1399 Teheran
951 1362 990 1397 et
1008 1360 1149 1396 Tabris
1167 1360 1295 1405 (Ege).
1317 1358 1408 1394 Vidi
1430 1357 1644 1394 frustulum
1665 1358 1704 1393 in
1728 1357 1839 1393 herb.
1861 1357 1955 1404 Bge.

298 1431 570 1479 semipedalis,
589 1429 684 1465 folia
703 1426 890 1463 radicalia
906 1424 1173 1472 tripollicaria.
1193 1424 1250 1459 Ex
1271 1423 1385 1458 amic.
1405 1425 1564 1459 auctore
1584 1421 1621 1458 C.
1640 1421 1818 1459 hamosoe
1831 1422 1961 1458 affinis

252 1482 383 1519 differt
408 1479 513 1515 foliis
540 1477 724 1522 utrinque
742 1472 1028 1517 arachnoidem,
1045 1472 1228 1518 capitulis
1251 1469 1552 1506 subminoribus
1577 1472 1614 1505 et
1631 1470 1850 1516 praesertim
1869 1472 1911 1505 ut
1926 1471 1964 1505 et

250 1530 302 1566 ab
323 1527 509 1564 omnibus
527 1524 711 1560 affinibus
732 1521 836 1557 foliis
853 1518 1262 1566 crispato-undulatis.
1285 1517 1372 1553 Meo
1390 1528 1509 1554 sensu
1526 1517 1789 1564 capitulorum
1810 1517 1964 1563 magni·

250 1576 398 1620 tudine,
427 1573 580 1616 habitu,
602 1570 808 1606 involucro
831 1567 869 1605 C.
894 1566 1172 1603 Hohenackeri
1193 1566 1297 1601 foliis
1316 1575 1394 1600 non
1421 1565 1561 1612 crispis
1591 1564 1750 1600 diversa
1772 1564 1966 1612 proxima,

252 1623 323 1660 sed
342 1620 517 1669 capitula
535 1629 583 1655 ex
601 1618 647 1654 cl.
668 1617 748 1663 Bge
767 1616 879 1653 35-40
901 1625 972 1650 nec
989 1613 1228 1650 20-25-ssora.

311 1738 383 1780 62.
421 1736 474 1779 C.
508 1732 822 1778 tenuiiolia
853 1728 976 1786 (ΟΛ.
1009 1728 1114 1783 Mey.
1149 1730 1191 1771 in
1217 1742 1283 1772 nc
1328 1728 1481 1770 Prodr.
1504 1727 1577 1779 Vl,
1605 1742 1645 1783 p.
1678 1729 1782 1781 554)
1810 1740 1966 1782 peren-

252 1797 334 1846 nis,
356 1795 476 1838 caule
503 1793 666 1848 pumilo
690 1802 900 1833 araneoso
927 1788 1183 1842 corymboso
1204 1787 1512 1842 oligocephalo‚
1536 1788 1647 1831 foliis
1671 1800 1806 1842 supra
1836 1800 1964 1842 parce

253 1854 479 1898 araneosis
522 1852 679 1895 subtus
716 1849 1049 1893 canescentibus
1088 1846 1388 1901 pinnatisectis
1428 1847 1689 1902 partitisque
1728 1846 1968 1901 segmentis

253 1913 465 1967 elongatis
497 1912 692 1954 breviter
724 1909 844 1963 apice
877 1907 1118 1962 spinulosis
1149 1910 1355 1949 caeterum
1392 1906 1686 1960 integerrimis
1715 1911 1758 1949 et
1793 1906 1967 1950 rachide

254 1976 441 2027 anguste
478 1969 732 2020 linearibus,
774 1968 884 2010 loliis
919 1966 1103 2009 caulinis
1139 1967 1182 2008 in
1218 1966 1328 2008 alam
1369 1970 1598 2019 angustam
1636 1966 1970 2021 pinnatisectam

257 2030 621 2079 decurrentibus,
663 2027 865 2081 capitulis
910 2024 1227 2069 subsessilibus
1274 2024 1413 2067 oratis
1456 2025 1737 2067 30—35-ss0ris
1782 2025 1969 2067 bracteis

256 2091 453 2145 augustis
480 2087 820 2144 pinnatipartitis
843 2098 893 2128 ea
917 2096 1031 2139 saepe
1053 2083 1331 2138 aequantibus
1355 2083 1563 2135 suffultis,
1582 2085 1794 2126 involucri
1820 2096 1973 2138 squar-

257 2151 347 2194 rosi
378 2149 538 2204 phyllis
563 2148 698 2189 65-70
728 2147 821 2188 laxe
849 2143 1148 2187 arachnoideis
1174 2143 1298 2196 longe
1326 2146 1370 2184 et
1397 2146 1582 2195 anguste
1611 2143 1829 2186 subulatis
1858 2146 1974 2186 exte·

258 2209 467 2254 rioribus.
500 2204 862 2250 subbrevioribus
915 2202 1230 2258 patentissimis
1278 2205 1319 2243 et
1369 2202 1750 2244 arcuato-deflexis
1804 2202 1975 2245 caeteris

258 2265 808 2319 arcuato-divergentibus,
851 2262 1044 2306 flosculis
1093 2261 1238 2311 luteis,
1284 2261 1475 2303 acheniis
1518 2262 1733 2304 truncatis
1781 2262 1976 2304 obsolete

260 2326 516 2380 marginatis
553 2331 616 2373 ᾙ,

263 2440 296 2476 T
309 2392 399 2447 Hah
418 2390 622 2485 ipSaprigs
642 2388 835 2425 montium
856 2387 1057 2424 districtus
1075 2385 1177 2422 Kho'i
1196 2395 1306 2433 prov.
1330 2385 1571 2430 Adai-bidjan
1591 2385 1736 2421 Persiae
1755 2386 1804 2422 ad
1829 2385 1976 2423 limites

301 2450 418 2476 urciae
482 2449 558 2474 zov
600 2465 607 2472 .

308 2494 581 2542 semipedalis,
597 2492 692 2529 folia
709 2491 863 2528 ambitu
881 2489 1055 2573 oblonga
1071 2490 1285 2535 segmentis
1303 2489 1368 2525 6-8
1385 2488 1512 2525 lineas
1540 2489 1672 2535 longis
1690 2489 1975 2537 sesquilineam

261 2542 365 2586 latis,
384 2541 557 2589 capitula
586 2541 747 2586 magnit.
773 2537 979 2574 avellanae.
1032 2566 1038 2572 .
1062 2534 1231 2574 hamo-sd
1248 2536 1448 2582 humilior,
1467 2536 1562 2572 folia
1590 2537 1715 2573 multo
1743 2537 1977 2584 profundius

263 2592 302 2625 et
319 2590 358 2625 in
378 2589 541 2625 lacinias
556 2588 755 2623 tenuiores
772 2588 889 2629 secta,
907 2584 1138 2632 phyllon-um
1169 2584 1293 2632 spinae
1313 2583 1514 2629 longiores
1531 2587 1570 2620 et
1588 2586 1784 2621 tenuiores
1812 2585 1979 2632 patenti-

263 2640 434 2672 arcuatae
455 2647 523 2672 nec
549 2634 898 2671 hamato-reflexae.
922 2632 1017 2668 Haec
1041 2635 1078 2668 et
1097 2630 1137 2668 C.
1160 2632 1343 2668 erinacea
1364 2631 1560 2668 Cousinz'ae
1580 2631 1742 2669 Olivz'erz'
1763 2632 1864 2668 inter
1883 2631 1980 2669 Rec-

265 2684 416 2731 tz'pinas
434 2685 570 2719 affines
589 2684 692 2725 sunt,
709 2681 777 2717 sed
798 2679 1029 2727 phyllorum
1047 2680 1174 2726 spinae
1190 2680 1401 2715 exteriores
1421 2679 1630 2715 manifeste
1650 2679 1821 2715 deflexae.

328 2800 397 2842 63.
434 2799 489 2843 C.
527 2798 802 2842 erinacea
831 2795 964 2852 (Jauh
1002 2798 1045 2838 et
1066 2795 1139 2849 Sp.
1159 2794 1221 2837 Ill.
1249 2794 1321 2838 Or.
1345 2792 1398 2846 ΙΙ,
1420 2807 1458 2849 p.
1482 2795 1554 2844 83,
1576 2794 1661 2837 tab.
1692 2794 1798 2849 165)
1826 2806 1979 2849 peren·

268 2859 352 2908 nis,
379 2860 501 2901 caule
529 2857 694 2912 pumilo
720 2857 816 2899 laxe
843 2866 1053 2898 araneoso
1080 2854 1338 2908 corymboso
1367 2854 1676 2908 oligocephalo,
1707 2854 1819 2897 loliis
1847 2866 1984 2908 snpra

269 2930 396 2971 parce
435 2916 658 2959 araneosis
686 2915 844 2959 subtus
871 2913 1202 2957 canescentibus
1228 2911 1571 2968 pinnatipartitis
1603 2912 1710 2957 lobis
1741 2914 1979 2967 triangula·

267 2976 388 3019 ribus
421 2975 697 3019 denticulatis
738 2974 1070 3023 mucronulatis‚
1098 2972 1280 3015 caulinis
1313 2972 1356 3014 in
1385 2973 1497 3014 alam
1532 2977 1760 3026 angustam
1791 2973 1984 3015 sinuato·
