2090 3291
254 254 326 290 696
977 258 1226 285 conposrrAE.
1695 251 1954 301 Chartolepzk.

318 337 355 378 1.
390 334 442 377 C.
481 331 879 377 Tournefortii
915 332 1061 386 (Jaub.
1096 334 1140 375 et
1174 331 1246 388 Sp.
1283 333 1348 376 Ill.
1375 332 1449 375 Or.
1484 333 1563 386 111,
1599 347 1640 389 p.
1669 336 1713 387 9,
1741 334 1826 377 tab.
1855 336 1968 391 207)

260 394 416 449 pallide
458 393 603 435 virens
643 391 853 443 scabrida,
895 391 1130 434 rbizomate
1165 395 1368 446 repente,
1403 392 1601 436 caulibus
1639 393 1765 436 elatis
1809 395 1960 437 stricte

257 450 525 507 corymbosis
548 451 692 493 rarius
715 449 1037 504 monocephalis
1064 453 1185 505 parte
1211 450 1432 504 superiori
1453 455 1635 505 anguste
1658 453 1798 497 alatis.
1824 454 1961 496 ramis

257 510 465 564 elongatis
504 512 686 563 anguste
723 509 848 551 alatis
885 509 1007 564 apice
1044 509 1314 561 incrassatis,
1356 509 1469 552 foliis
1503 511 1965 566 lanceolam-oblongis

257 570 448 614 obsoleto
476 568 753 611 denticulatis
781 567 1062 610 inferioribus
1086 568 1129 609 in
1158 568 1368 621 petiolum
1393 567 1519 622 longe
1545 570 1795 617 attenuatis,
1822 571 1960 613 inter-

260 628 413 671 mediis
438 627 662 670 diminutis
686 626 1023 669 decurrentibus
1046 627 1205 668 rameis
1230 626 1540 681 angustissime
1564 628 1818 680 linearibus,
1845 629 1960 683 capi-

258 687 361 730 tulis
387 686 526 728 ovatis
550 685 801 739 majusculis
825 685 1201 737 subbracteolatis‚
1219 685 1434 728 involucri
1461 687 1621 741 phyllis
1645 687 1964 741 appendicibus-

258 745 430 800 pallidis
473 744 725 799 papyraceis
767 743 1107 786 suborbiculatis
1145 745 1374 787 cucullatis
1417 746 1846 789 eroso-denticulatis
1895 747 1964 789 eis

258 804 527 857 longioribus
571 806 614 845 ct
666 814 719 844 ea
762 802 1079 845 occultantibus
1118 804 1362 857 superatis,
1415 804 1697 847 flosculorum
1742 805 1964 848 sterilium

258 863 416 905 corolla
442 860 762 915 quadripartita
798 867 834 908 26
849 894 857 902 .
886 860 1127 903 Centaurea
1149 860 1402 914 ylasttfolia
1427 864 1473 906 L.
1505 862 1577 918 Sp.
1611 864 1722 906 1294
1744 875 1797 907 ex
1824 867 1960 918 parte.

257 945 314 951 —
337 918 620 963 Centaurmm
640 918 784 967 majus
811 919 1053 961 Armenum
1075 919 1325 972 glastifolio
1353 921 1516 964 Tourn.
1541 922 1662 964 herb.

306 994 405 1029 Hab.
424 994 463 1029 in
487 993 655 1030 collibus
681 996 719 1028 et
742 994 842 1028 inter
866 996 1028 1039 segetes,
1055 1004 1170 1030 mons
1196 994 1429 1041 Iyldisdagh
1453 995 1650 1031 Anatoliae
1675 995 1755 1032 bor.
1784 996 1960 1041 (Wiedl).

259 1041 507 1087 Cappadocia
526 1041 576 1076 ad
595 1040 726 1075 Ehrek
742 1050 860 1087 prope
876 1040 1097 1076 Caesaream
1117 1044 1155 1077 et
1173 1042 1214 1076 in
1228 1045 1362 1077 monte
1380 1042 1607 1079 Aslandach
1626 1043 1755 1090 (Ball),
1774 1044 1963 1079 Armenia

256 1088 358 1124 circa
374 1088 557 1123 Erzerum
579 1087 745 1131 (Tournl
764 1087 801 1122 H
805 1089 916 1132 uet!)‚
935 1098 1055 1134 prope
1074 1088 1221 1124 Baibut
1238 1089 1436 1135 (Bourgl).

305 1144 447 1180 Planta
465 1143 846 1190 2·3—pedalis,rarius
866 1144 1154 1190 monocephala
1172 1144 1371 1180 humilior.

319 1261 356 1301 2.
388 1259 442 1302 C.
473 1257 892 1301 Biehersteinii
916 1258 973 1313 (J.
1001 1262 1043 1301 et
1067 1258 1138 1313 Sp.
1168 1259 1230 1300 lll.
1255 1259 1328 1301 Or.
1358 1258 1433 1311 ΙΙΙ,
1462 1272 1502 1313 p.
1539 1261 1601 1309 ll,
1625 1259 1709 1302 tab.
1741 1258 1847 1314 208)
1876 1261 1970 1314 pal-

262 1318 346 1360 lide
372 1318 522 1360 virens
562 1316 774 1368 scabrida,
817 1317 1050 1360 rhizomate
1083 1318 1271 1372 obliquo,
1308 1317 1507 1361 caulibus
1539 1317 1665 1361 elatis
1699 1318 1966 1372 paniculato-

261 1376 531 1430 corymbosis
551 1379 672 1429 parte
692 1376 910 1429 superiori
933 1379 979 1418 ut
995 1379 1038 1419 et
1059 1376 1169 1419 rami
1184 1380 1368 1430 anguste
1391 1377 1531 1431 alatis,
1551 1377 1664 1420 foliis
1681 1377 1968 1421 inferioribus

262 1434 715 1487 lanceolam-oblongis
749 1434 886 1477 acutis
924 1435 1190 1489 subintegris
1226 1437 1269 1478 in
1306 1435 1517 1489 petiolum
1556 1436 1680 1490 louge
1713 1437 1970 1490 attenuat-is,

263 1494 444 1536 caulinis
484 1496 526 1535 et
559 1493 863 1546 superioribus
892 1497 1076 1547 anguste
1112 1494 1364 1537 lanceolatis
1391 1497 1434 1536 et
1460 1494 1698 1538 linearibus
1728 1494 1966 1537 decurren-

262 1552 393 1604 tibus,
415 1552 616 1606 capitulis
641 1552 935 1595 med10cribus
958 1552 1155 1607 oblongis
1172 1552 1548 1603 subbracteolatis,
1569 1553 1782 1596 involucri
1804 1553 1971 1609 phyllis

261 1611 575 1664 appendicibus
609 1611 781 1664 pallidis
814 1612 1070 1665 papyraceis
1105 1611 1445 1655 suborbiculatis
1473 1612 1700 1656 cucullatis
1733 1613 1874 1656 erosis
1901 1613 1972 1655 eis-

261 1670 538 1712 brevioribus
570 1670 803 1723 superatis,
841 1670 1123 1713 flosculorum
1160 1671 1377 1713 sterilium
1414 1671 1575 1714 corolla
1614 1671 1862 1725 quadrifida
1904 1677 1966 1719 26.

262 1728 504 1770 Centaurea
522 1727 772 1781 ylastt'folicz
793 1730 840 1771 L.
859 1731 902 1771 et
920 1728 1079 1772 Ledeb.
1107 1729 1169 1771 Fl.
1195 1730 1324 1773 Ross.
1350 1741 1403 1771 ex
1425 1732 1562 1784 parte.

310 1794 408 1829 Hah.
437 1795 476 1829 in
503 1794 658 1829 collinis
680 1796 718 1829 et
738 1795 861 1841 pratis
882 1795 1069 1839 humidis,
1089 1795 1256 1831 Caucasi
1281 1795 1418 1840 (M.B.,
1442 1795 1552 1832 herb.
1580 1796 1720 1843 Petrop
1738 1797 1778 1841 l),
1803 1795 1974 1832 ditionis

262 1841 437 1887 Talysch
452 1841 608 1885 (Hohen
620 1842 865 1886 &Armeniae
879 1842 1050 1878 Rossicae
1065 1842 1116 1878 ad
1131 1842 1470 1887 A1·axem(Szov!)
1489 1845 1527 1879 et
1536 1843 1712 1879 Turcicae
1726 1844 1768 1879 in
1784 1843 1968 1879 districtu

265 1888 398 1924 Warto
416 1898 522 1935 prov.
545 1888 684 1924 Musch
703 1889 807 1924 4600’
827 1889 920 1935 (Ky.
941 1889 1061 1934 2911).

310 1944 343 1979 Α
362 1944 604 1990 praecedente
622 1944 734 1980 caule
752 1945 968 1981 ramosiore
985 1945 1160 1981 crebrius
1179 1948 1217 1981 et
1231 1946 1439 1991 angustius
1457 1945 1609 1990 folioso‚
1626 1945 1812 1992 capitulis
1823 1956 1970 1992 angus-

264 1991 428 2026 tioribus
443 2020 451 2032 ,
491 1991 733 2037 receptaculo
772 1992 823 2027 ob
858 1992 1096 2039 appendices
1136 1993 1389 2029 abbreviatas
1425 1995 1582 2029 tantum
1616 1995 1727 2040 parte
1764 1994 1973 2040 superiore

265 2038 429 2081 obtecto,
447 2038 619 2074 flosculis
638 2039 809 2075 externis
827 2040 961 2075 minus
979 2040 1084 2075 fissis
1101 2040 1298 2076 distincta.

324 2153 361 2194 3.
382 2151 434 2197 C.
454 2152 653 2207 lyrata
678 2152 840 2208 (Boiss.
865 2156 908 2196 et
928 2153 1153 2208 Haussk.)‚
1177 2153 1338 2208 pallide
1361 2154 1512 2197 virens
1531 2152 1744 2207 scabrida,
1769 2153 1968 2197 caulibus

263 2211 387 2253 elatis
430 2211 636 2254 tenuibus
675 2212 825 2254 stricte
860 2212 1400 2267 paniculato-corymbosis
1436 2223 1630 2267 superne
1659 2212 1976 2265 angustissime

264 2270 401 2323 alatis,
433 2270 564 2312 ramis
603 2271 783 2324 virgatis
818 2271 971 2314 crebre
1003 2271 1211 2314 foliolosis
1250 2271 1323 2313 vix
1362 2271 1498 2321 alatis
1528 2271 1643 2314 soliis
1682 2270 1970 2315 inferioribus

267 2328 481 2383 petiolatis
523 2329 674 2382 lyratis
715 2328 883 2373 laciniis
919 2328 1174 2373 lateralibus
1218 2329 1719 2373 lanceolam-linearibus
1757 2329 1973 2373 retrorsis

262 2387 480 2429 terminali
508 2388 672 2442 maj0re
701 2388 901 2443 oblonga,
935 2388 1048 2431 soliis
1073 2389 1257 2432 caulinis
1285 2392 1329 2431 et
1354 2389 1514 2431 rameis
1542 2387 1968 2432 subdecurrentibus

266 2445 504 2489 linearibus
527 2447 808 2493 mucronatis,
831 2445 1033 2502 capitulis
1055 2447 1252 2502 oblongis
1272 2447 1580 2499 mediocribus,
1603 2447 1821 2490 involucri
1842 2447 1972 2502 phyl-

265 2504 317 2546 lis
347 2505 659 2559 appendicibus
688 2506 860 2560 pallidis
885 2506 1140 2560 papyraceis
1163 2506 1503 2550 suborbiculatis
1527 2505 1591 2549 eis
1612 2505 1968 2560 sublongioribus
2085 2506 2090 2528 ⁸

265 2563 498 2616 superatis,
524 2563 806 2607 flosculorum
830 2565 1048 2608 sterilium
1069 2564 1231 2608 corolla
1253 2565 1574 2620 quadripartita
1608 2571 1668 2612 26.

312 2628 411 2664 Hah.
431 2629 471 2664 in
486 2630 609 2676 pratis
627 2629 802 2666 humidis
820 2630 964 2677 alpinis
978 2630 1125 2666 Persiae
1143 2630 1562 2676 austro-occidentalis,
1575 2633 1730 2666 montes
1742 2629 1918 2666 Tchinar
1931 2631 1969 2666 et

265 2674 436 2711 Sakawa
464 2680 501 2712 et
524 2676 621 2712 ditio
645 2676 866 2713 Bachtiaris
893 2687 1016 2724 prope
1044 2677 1216 2724 Desgird
1247 2677 1353 2713 9000’
1384 2677 1614 2723 (Hausskl)‚
1645 2676 1830 2725 planities
1861 2677 1971 2713 edita

264 2721 405 2757 Kakan
423 2724 568 2759 montis
582 2723 802 2759 Kuhdaena
818 2724 909 2770 (Ky.
929 2724 1050 2769 6801).
2080 2737 2085 2780 1

312 2777 495 2823 Capitula
521 2778 675 2814 minora
695 2781 864 2825 angusta
891 2778 928 2816 C.
950 2778 1222 2816 Biebersteim'z'
1235 2779 1304 2816 sed
1322 2780 1559 2827 appendices
1576 2780 1736 2816 latiores
1754 2780 1793 2816 et
1811 2778 1969 2816 corollae
2080 2795 2082 2802 ι

265 2823 500 2869 profundius
518 2825 621 2862 fissae
641 2825 679 2862 C.
704 2825 980 2872 Tournefortii.
1001 2826 1063 2863 Ab
1080 2829 1247 2874 utnique
1265 2826 1372 2863 foliis
1389 2827 1530 2873 lyratis
1550 2827 1717 2863 diversa.
2079 2810 2085 2848 ⁵

312 2879 458 2916 Praeter
475 2881 623 2927 species
637 2881 701 2917 hic
712 2884 939 2918 numeratas
957 2884 1100 2928 quarta
1112 2882 1225 2918 adest
1236 2893 1256 2919 e
1274 2882 1415 2919 Bossia.
1431 2883 1561 2919 media
1575 2885 1612 2919 et
1628 2880 1976 2928 australi‚sibiria,
2078 2901 2082 2931 l

265 2924 457 2972 Songaria
474 2928 514 2962 in
533 2931 666 2964 nostra
685 2928 833 2964 ditione
852 2939 931 2964 non
949 2928 1081 2973 obvia,
1109 2928 1147 2965 C.
1176 2929 1416 2966 intermedia
1440 2929 1568 2966 Boiss-
1594 2930 1736 2976 Diagn.
1762 2929 1841 2965 Ser.
1864 2928 1908 2973 11,
1934 2928 1975 2975 3,
2077 2955 2081 2986 ι

267 2983 301 3018 p.
319 2972 375 3008 64.
391 2972 429 3009 C.
454 2973 725 3021 Tournefortiz'
741 2975 923 3022 capitulis
944 2976 1101 3021 magnis
1120 2977 1306 3013 accedens
1325 2976 1394 3012 sed
1411 2977 1523 3014 caule
1540 2977 1661 3013 latius
1679 2976 1796 3023 alato,
1814 2974 1975 3023 phyllis
2076 3003 2080 3026 ¹

267 3019 519 3057 inferioribus
537 3022 753 3069 appendice
771 3022 847 3059 fere
864 3021 1071 3059 destitutis.
2075 3032 2080 3070 ‚¹
