2126 3246
164 216 338 254 Galium.
900 221 1122 248 anemonae.
1817 209 1863 247 61

167 297 349 340 floribus
390 294 616 338 sessilibus
658 292 888 336 bracteolis
930 291 1158 334 cucullatis
1199 291 1402 335 scariosis
1440 290 1863 344 purpurascentibus

166 353 639 407 herbaceo-apiculatis
685 351 865 394 minutis
908 350 1082 402 cinctis,
1127 349 1298 392 corollae
1332 349 1862 402 viridi-purpurascentis

167 414 275 456 {obis
301 412 440 456 ovatis
465 411 658 454 breviter
675 409 902 464 apiculatis
925 409 1030 452 tubo
1053 408 1178 451 brevi
1203 408 1486 461 longioribus,
1505 408 1701 450 antheris
1725 408 1863 450 ovatis

165 472 424 523 virentibus,
446 470 594 513 ovario
617 470 713 512 laevi
736 472 775 518 5.

215 545 314 581 Hah.
334 556 383 581 ex
402 543 629 591 Sibthorpio
655 543 881 579 dubitanter
904 543 945 578 in
971 542 1085 578 Creta
1115 541 1184 577 sed
1208 541 1487 578 verosimiliter
1512 542 1641 587 potius
1660 551 1709 576 ex
1731 540 1863 586 Cypro

165 591 707 676 sspiiitrliecffitlgbplsnrirgargaceis
727 591 828 626 inter
840 590 962 626 Forni
979 592 1017 625 et
1034 589 1208 625 Athienu
1221 588 1377 635 copiose
1391 589 1529 625 crescit
1541 588 1632 634 (Ky.
1650 597 1731 624 exs.
1745 588 1863 632 8660.

214 701 437 748 specimina
455 711 596 736 manca
612 699 848 736 abbreviata
868 701 1021 735 tantum
1034 698 1117 735 vidi
1134 697 1252 744 hujus
1274 697 1422 744 plantae
1437 698 1548 742 qu'us
1567 697 1668 736 rami
1685 707 1733 732 ex
1756 697 1865 731 icone

166 748 293 785 Florae
311 749 458 783 Graecae
476 758 580 794 saepe
600 747 759 793 pedales
781 749 819 783 et
835 746 1035 792 longiores
1053 745 1239 798 evadunt,
1261 744 1359 780 folia
1380 744 1446 780 3-5
1462 744 1586 780 lineas
1605 744 1725 790 longa
1748 744 1864 779 inter-

166 796 296 831 nodiis
316 793 441 830 multo
460 795 650 838 breviora,
676 794 789 829 flores
809 793 964 829 minuti.
993 793 1148 840 Species
1166 792 1331 828 floribus
1350 791 1512 827 omnino
1530 791 1738 828 sessilibus
1757 791 1864 826 brac-

167 843 239 878 teis
256 842 440 878 concavis
460 841 714 877 involucratis
734 840 912 887 insignis.

224 971 293 1013 38.
331 969 393 1013 G.
422 980 671 1013 aureum
697 969 883 1024 (Visian.
918 968 1011 1010 Ind.
1054 968 1143 1010 Ort.
1178 967 1271 1010 Bot.
1308 967 1470 1009 Padov.
1513 966 1640 1019 1842,
1679 979 1720 1021 p.
1761 965 1864 1021 134)

167 1030 262 1072 laete
287 1029 448 1081 virens,
475 1028 671 1071 caulibus
705 1040 728 1070 e
752 1028 989 1070 rhizoinate
1015 1039 1187 1069 ramoso
1223 1026 1321 1079 plus
1356 1025 1501 1067 minus
1535 1025 1864 1068 suffrutescenti

165 1088 501 1131 ascendentibus
541 1085 1024 1141 tereti-quadrangulis
1071 1084 1531 1140 velutino-puberulis
1579 1085 1646 1126 vel
1688 1083 1864 1137 glabris,

166 1146 279 1189 foliis
318 1146 436 1188 senis
474 1145 636 1199 glabris
672 1147 856 1188 obverse
895 1143 1146 1186 lanceolatis
1180 1143 1274 1186 basi
1306 1145 1432 1196 longe
1466 1143 1662 1185 cuneatis
1697 1142 1864 1185 obtusis

166 1207 266 1260 plus
293 1204 437 1246 minus
470 1204 594 1257 longe
620 1203 885 1247 mucronatis
906 1203 1102 1256 margine
1123 1205 1369 1245 retrorsum
1392 1202 1557 1244 scabris
1583 1201 1652 1244 vel
1680 1201 1863 1244 laevibus

164 1264 320 1306 subtus
366 1263 656 1305 crassiuscule
699 1263 922 1312 nervosis,
970 1261 1182 1316 paniculae
1231 1262 1441 1314 elongatae
1488 1261 1683 1313 oblongae
1730 1259 1864 1301 ramis

165 1326 336 1365 erecto·
345 1321 527 1375 patulis,
568 1321 789 1375 pedicellis
827 1320 935 1363 flore
959 1320 1043 1363 sub
1067 1320 1139 1363 vel
1175 1320 1307 1373 duplo
1334 1319 1603 1372 longioribus
1629 1317 1864 1362 fructiferis

165 1379 435 1431 divaricatis,
475 1381 646 1423 corollae
684 1380 948 1422 ochroleucae
998 1379 1068 1422 vel
1115 1390 1259 1422 aurea}
1307 1379 1416 1420 tobis
1457 1378 1654 1431 oblongis
1696 1377 1864 1431 apiculo

167 1440 293 1493 longo
314 1439 566 1492 cuspidatis‚
581 1439 774 1481 antheris
786 1438 938 1492 nigris,
953 1438 1096 1481 fructu
1112 1437 1363 1480 laeviusculo
1394 1437 1610 1478 inmaturo
1626 1437 1783 1479 flavido
1805 1441 1863 1482 ⁹16.

166 1497 216 1539 G.
235 1496 423 1552 firmum
456 1497 625 1540 Tausch
656 1496 781 1539 Flora
808 1496 920 1549 XIV,
942 1509 983 1551 p.
1012 1497 1110 1539 229.
1130 1519 1191 1531 ,-
1216 1494 1264 1538 G.
1289 1498 1488 1547 rupe-stre
1513 1508 1593 1537 uc.
1618 1497 1771 1537 Prodr.
1790 1493 1860 1546 lV,

165 1569 207 1610 p.
235 1556 319 1598 603
346 1566 433 1598 non
449 1556 538 1599 Vis.
558 1578 616 1587 -
634 1555 682 1598 G.
703 1554 899 1597 lucidum
920 1565 1014 1596 var.
1036 1554 1371 1609 chrysoeoccum
1397 1554 1440 1596 C.
1461 1555 1577 1596 Koch
1598 1555 1722 1596 Linn.
1743 1553 1862 1605 1843,

168 1628 204 1670 p.
235 1616 303 1657 32.
326 1637 386 1645 —
409 1614 457 1657 G.
480 1615 701 1657 Prusense
726 1612 769 1656 C.
802 1614 920 1657 Koch
943 1614 1068 1656 Linn.
1099 1613 1255 1667 XXIV,
1290 1626 1326 1667 p.
1357 1614 1455 1655 466.
1480 1637 1537 1643 -
1566 1612 1612 1655 G.
1640 1613 1864 1655 uzelanan-

164 1673 337 1716 theram
361 1685 456 1715 var.
483 1672 727 1719 centifoliam
754 1673 888 1717 Boiss.
912 1672 1061 1729 Diagn.
1093 1673 1186 1716 Ser.
1214 1673 1247 1725 Ι,
1271 1674 1311 1725 6,
1334 1685 1374 1726 p.
1396 1674 1465 1714 69.
1493 1697 1535 1702 -
1559 1672 1607 1714 G.
1627 1672 1864 1714 euraccum

163 1733 303 1776 Boiss.
328 1733 375 1775 in
396 1732 544 1775 Heldr.
572 1744 662 1775 exs.

212 1807 312 1842 Hab.
336 1808 436 1843 inter
453 1807 609 1843 frutices
636 1808 674 1841 et
700 1807 739 1842 in
763 1806 963 1847 umbrosis,
980 1802 1151 1852 regionis
1172 1806 1392 1853 subalpinae
1418 1810 1455 1842 et
1473 1806 1511 1841 al
1542 1807 1629 1851 inae,
1653 1805 1806 1841 Graecia
1823 1805 1863 1839 in

164 1853 353 1899 Taygeto,
362 1855 519 1900 regione
536 1853 865 1903 mediaParnassi
883 1856 920 1889 et
937 1853 1109 1901 Olympo
1128 1853 1320 1889 Thessalo
1341 1853 1494 1894 (Heldrl
1515 1818 1621 1889 Ber-b.
1644 1853 1776 1889 Norm.
1794 1850 1866 1886 645

165 1900 274 1945 hisi),
298 1904 428 1937 monte
449 1900 616 1946 Kyllene
635 1901 816 1947 (Omni),
844 1901 969 1937 Cretae
997 1901 1198 1937 montibus
1227 1901 1371 1936 Lassiti
1399 1902 1413 1944 (
1418 1900 1541 1936 Heldr
1555 1902 1592 1945 1),
1616 1899 1800 1935 Anatolia
1823 1898 1864 1933 in

166 1946 335 1994 Olympo
354 1948 529 1993 Bithyno
553 1947 695 1992 (Auch.
715 1948 803 1985 7151
832 1947 1037 1992 Thirkel),
1067 1948 1209 1984 Tmolo
1233 1948 1282 1983 ad
1311 1947 1497 1992 Bozdagh
1525 1947 1662 1993 (Ball),
1686 1946 1863 1993 Caucaso

166 1994 225 2038 (C.
244 1994 368 2030 Koch!
389 1995 632 2042 Ruprechtl),
650 1995 802 2031 Libano
822 1996 923 2031 circa
943 1994 1052 2031 Eden
1072 1997 1109 2030 et
1128 1995 1275 2031 ditione
1293 1995 1496 2033 Kesrouan
1514 1994 1578 2038 (Bl
1590 1996 1627 2039 l).

223 2068 267 2122 β.
303 2066 652 2121 oblonoifolium.
691 2093 741 2098 -—
775 2068 892 2110 Folia
941 2069 1066 2111 valde
1104 2068 1352 2111 abbreviata
1392 2069 1575 2122 oblonga
1615 2068 1686 2111 vel
1724 2069 1862 2109 ovata.

167 2126 373 2170 Panicula
394 2127 531 2180 magis
554 2130 785 2170 contracta.

213 2200 314 2235 Hah.
335 2200 373 2235 in
394 2200 550 2245 regione
569 2199 762 2245 superiori
782 2200 975 2235 montium
984 2200 1149 2246 Velugo,
1163 2200 1309 2247 Delphi
1325 2200 1483 2244 Eubeae,
1501 2201 1688 2236 Parnassi
1706 2200 1860 2246 (Heldr.

162 2246 281 2282 Herb.
300 2247 434 2282 Norrn.
452 2247 539 2283 720!
558 2247 714 2293 Orphl)‚
734 2247 879 2282 montis
901 2247 967 2282 Ida
987 2247 1112 2283 Cretae
1129 2247 1358 2283 500027000'
1377 2247 1568 2293 (Heldrl].

222 2338 262 2378 y.
285 2319 532 2360 incurvet-m.
559 2342 610 2349 —
640 2318 759 2361 Folia
784 2319 977 2362 breviter
1000 2320 1181 2362 linearia
1200 2320 1395 2374 margine
1417 2321 1615 2364 revoluta
1637 2322 1860 2364 interdum

165 2376 359 2430 incurva,
393 2378 538 2420 caules
565 2377 829 2431 abbreviati,
865 2378 1064 2432 panicula
1097 2379 1194 2421 laxa
1225 2379 1452 2433 pedicellis
1494 2380 1774 2434 longioribus.
1809 2405 1858 2411 —-

166 2435 213 2478 G.
251 2436 488 2477 incurvum
523 2435 584 2478 Fl.
624 2437 761 2479 (iraec.
795 2438 855 2486 ΙΙ,
893 2450 932 2490 p.
965 2437 1044 2488 24,
1083 2438 1168 2479 tab.
1212 2438 1305 2479 13⁰2.
1330 2461 1384 2469 -
1410 2437 1458 2480 G.
1483 2438 1864 2482 rizelanmttlzerum

164 2494 302 2537 Boiss.
331 2494 408 2536 loc.
443 2495 510 2537 cit.
539 2518 592 2525 —-
618 2493 670 2536 G.
698 2494 917 2547 Sprunerz·
949 2495 1114 2538 Jordan
1141 2496 1242 2539 Obs.
1277 2510 1319 2551 p.
1362 2498 1457 2540 146.
1489 2522 1545 2527 ——
1583 2498 1632 2540 In
1666 2497 1790 2541 icone
1823 2501 1867 2542 et

165 2552 368 2608 descript..
401 2553 542 2595 Florae
565 2552 726 2596 Graecae
747 2555 908 2597 corolla
932 2556 1116 2598 erronee
1137 2556 1310 2598 mutica.

210 2626 309 2663 Hab.
336 2627 378 2664 in
407 2627 579 2663 fisssuris
604 2628 760 2674 rupium
787 2629 958 2675 regionis
987 2633 1201 2675 montanae,
1232 2631 1444 2677 Hymettus
1472 2635 1510 2668 et
1540 2632 1686 2668 Parnes
1718 2634 1859 2670 Atticae

162 2672 324 2719 (Sprunl
350 2674 510 2719 Boissl),
531 2674 717 2710 Citheron
742 2675 903 2711 Baeotiae
926 2679 964 2712 et
985 2676 1131 2725 Delphi
1150 2678 1295 2714 Eubeae
1322 2678 1511 2724 (Heldrl),
1539 2679 1655 2715 Creta
1680 2680 1719 2715 in
1738 2680 1864 2728 Spha-

165 2720 312 2757 cioticis
330 2720 484 2766 (sibili,
502 2721 672 2766 Heldrl).

227 2794 266 2862 δ..
298 2793 620 2848 scabrz'folium.
651 2820 690 2829 —
730 2796 849 2839 Folia
880 2800 928 2840 ut
956 2797 1000 2840 in
1023 2818 1048 2859 y
1073 2800 1256 2851 anguste
1278 2798 1460 2842 linearia
1494 2800 1572 2842 scd
1604 2802 1800 2854 elongata
1823 2805 1868 2846 et

165 2865 324 2907 saepius
351 2855 477 2897 valde
510 2855 674 2897 scabra.
709 2855 859 2899 Planta
883 2857 1159 2910 praecedente
1191 2856 1345 2900 elatior
1368 2858 1567 2913 panicula
1591 2860 1742 2902 stricta
1766 2873 1866 2903 con-

166 2912 356 2955 fer-tiore.
380 2937 424 2942 -
449 2912 497 2956 G.
513 2912 825 2966 florihundum
842 2915 904 2958 Fl.
930 2915 1077 2969 Pelop.
1104 2928 1191 2958 non
1208 2915 1403 2958 Sibth.—
1427 2915 1474 2958 G.
1497 2917 1866 2971 corrudaefolimn

168 2970 211 3012 C.
239 2971 357 3013 Koch
386 2971 508 3014 Linn.
538 2971 692 3022 XXIV,
719 2986 758 3027 p.
791 2974 898 3016 466!
935 2986 1023 3017 non
1048 2974 1146 3016 Vill.
