2066 3296
112 217 360 265 Onopordon.
840 227 1086 255 COMposlTAE.
1741 229 1813 266 563

173 301 237 342 10.
272 300 331 343 Ο.
368 300 822 355 Stenosteqium‚
852 314 980 354 parce
1008 315 1269 346 araneosum
1297 306 1506 358 griseum,
1534 310 1654 351 caule
1686 324 1810 363 parce

109 363 151 403 et
176 359 371 401 breviter
402 371 573 402 ramoso
596 363 645 401 ut
679 363 722 401 et
748 360 859 402 rami
883 361 962 402 alis
989 363 1309 414 angustissimis
1334 365 1591 420 interruptis
1620 369 1810 412 breviter

110 422 152 461 et
184 416 337 460 crebre
356 418 595 471 spinulosis
627 419 884 472 mauginam,
903 420 1015 462 foliis
1036 421 1283 464 lanceolatis
1306 424 1585 477 pinnatilohis
1620 427 1812 471 breviter

109 480 152 519 et
175 477 367 520 tenuiter
393 477 646 530 spinulosis‚
671 478 872 530 capitulis
898 480 1236 532 ovato-globosis
1264 482 1569 537 mediocribus,
1593 487 1807 530 involucri

110 535 247 589 glabri
283 535 365 578 sub
395 535 513 578 lente
547 536 836 579 scabriusculi
861 537 1020 590 phyllis
1054 541 1301 582 numerosis
1326 554 1347 582 a
1375 541 1464 585 basi
1500 547 1811 597 angustissimo,

110 594 359 637 lanceolatis
400 594 564 637 sensim
612 594 1075 639 subulam-attenuatis
1123 599 1403 643 inferioribus
1449 603 1810 647 subbrevioribus

111 652 462 708 patulo-reflexis
498 652 785 697 interioribus
820 655 978 698 erectis
1013 656 1216 700 flosculos
1253 658 1488 703 viscidulos
1524 674 1603 703 non
1640 674 1812 717 {equan—

108 712 226 755 tibus
249 712 318 766 Θ.

154 785 253 821 Hah.
272 785 373 821 circa
391 785 437 821 El
454 786 566 822 Gosh
584 785 881 833 Mesopotamiae
898 788 967 832 (Dr
981 789 1141 831 Socinl)⁴

153 849 308 895 Species
336 848 501 884 ulterius
528 850 764 896 inquirenda
792 860 839 886 ex
869 852 982 887 unico
1011 853 1223 898 specimine
1252 854 1445 901 descripta
1474 856 1596 901 spinis
1627 856 1814 892 brevibus

106 896 349 932 tenuissimis
368 896 487 932 totius
504 896 652 943 plantae
669 897 849 942 insignis,
868 898 919 933 ab
937 898 978 935 O.
998 899 1182 945 ambe'yuo
1200 903 1237 935 et
1254 900 1531 948 Sibthorpz'ano
1550 903 1693 949 quibus
1709 916 1810 939 coni-

107 944 283 989 paranda
301 943 452 989 phyllis
474 954 552 979 non
575 955 597 979 a
617 944 706 979 basi
728 944 808 979 lata
835 944 926 992 plus
957 947 1087 982 minus
1115 947 1280 993 abrupte
1299 950 1509 985 attenuatis
1534 951 1601 984 sed
1630 951 1706 996 jani
1729 953 1812 996 ipsa

105 990 505 1073 Pasizngustissimis
524 991 611 1035 (vix
630 991 732 1027 ultra
749 991 896 1028 lineam
916 992 1026 1038 latis)
1046 995 1192 1029 sensim
1213 995 1625 1031 subulam-attenuatis
1647 998 1710 1032 vix
1732 998 1811 1044 pol-

121 1048 213 1073 lcari
247 1048 303 1073 us.

173 1168 234 1209 11.
270 1166 328 1210 O.
364 1167 863 1212 heteracanthum
898 1169 1020 1224 (CA.
1050 1170 1157 1224 Mey.
1186 1171 1339 1214 Enum.
1369 1185 1407 1225 p.
1438 1174 1513 1227 68)
1547 1177 1810 1216 tomenloso-

106 1239 275 1276 canum,
299 1227 420 1270 caule
446 1227 652 1270 mediocri
675 1228 863 1282 simplici
892 1228 958 1271 vel
983 1241 1111 1283 parce
1148 1243 1317 1273 ramoso
1344 1235 1391 1274 ut
1414 1235 1455 1273 et
1486 1233 1593 1274 rami
1628 1233 1811 1286 elongati

106 1285 185 1329 alis
206 1286 372 1329 crebris
395 1285 717 1339 angustissimis
742 1286 1011 1340 subintcgris
1037 1289 1402 1342 spinulosissimis
1426 1292 1679 1343 niarginato,
1700 1293 1812 1333 soliis

106 1345 356 1388 lanceolatis
395 1344 723 1400 pinnatilobatis
762 1347 915 1388 crebre
952 1347 1160 1400 spinosis,
1200 1349 1381 1391 caulinis
1423 1351 1546 1392 valde
1585 1351 1809 1392 diminutis

106 1403 456 1452 decurrentibus,
486 1404 690 1457 capitulis
724 1406 923 1447 maximis
960 1406 1304 1461 heinisphaericis
1339 1408 1436 1450 latis
1474 1410 1563 1451 basi
1592 1411 1810 1461 convexis,

104 1463 320 1505 involucri
345 1463 585 1505 tomentclli
607 1462 769 1517 phyllis
791 1463 1076 1508 inferioribus
1096 1466 1335 1509 imbricatis
1359 1467 1552 1511 breviter
1576 1469 1811 1521 triangula-

105 1522 230 1565 ribus
261 1522 523 1565 brevissime
546 1522 737 1575 spinosis
772 1523 1012 1577 adpressis,
1038 1524 1312 1567 intermediis
1341 1525 1548 1579 elongatis
1574 1529 1616 1569 in
1645 1528 1809 1579 spinam

105 1580 296 1623 tenuiter
331 1582 616 1624 lanceolatam
655 1581 827 1635 longam
869 1582 1079 1625 reflexam
1118 1585 1365 1637 attenuatis,
1396 1585 1646 1628 intimorum
1687 1587 1810 1638 spina

105 1641 223 1682 recta
248 1640 453 1683 flosculos
480 1640 719 1683 viscidulos
748 1640 1033 1696 subaequantc
1062 1642 1130 1697 Θ.

152 1714 257 1750 Hab.
278 1716 319 1750 in
338 1715 528 1762 lapidosis
547 1714 708 1750 ditionis
727 1715 1075 1752 Transcaucasicae
1099 1716 1273 1763 Talysch
1295 1728 1414 1764 prope
1433 1717 1689 1763 SwantOEA.
1705 1720 1810 1764 Mer!

106 1761 242 1808 Hoh!),
261 1772 373 1809 prov.
393 1763 559 1798 Persicae
576 1762 820 1808 AderbidJan
840 1763 889 1799 ad
908 1763 1011 1799 Kho'i
1030 1763 1199 1808 (Szovl).
1218 1774 1338 1810 prope
1359 1765 1499 1800 'salu-is
1519 1766 1713 1809 (Buhsol).

162 1827 206 1881 β.
241 1827 595 1870 anisacanthum.
619 1852 675 1857 —
701 1827 925 1871 involucri
949 1829 1093 1884 phylla
1123 1829 1330 1872 inferiora
1367 1830 1406 1871 in
1445 1831 1610 1883 spinam
1637 1844 1810 1885 quoquc

105 1890 294 1929 erectam
323 1887 401 1929 sed
430 1887 667 1940 longiorem
694 1887 912 1939 abeuntia,
938 1888 1198 1931 intermedia
1225 1889 1388 1930 reflexa
1417 1892 1458 1931 et
1493 1890 1638 1931 inti1na
1669 1895 1809 1933 errrta

105 1945 368 1999 longissima.
396 1971 450 1975 ——
474 1946 519 1987 Ο.
551 1946 894 1988 αηίεαεαηίὴανη
922 1947 1058 1993 Boiss.
1092 1947 1240 2001 Diagn.
1271 1947 1363 1989 Ser.
1392 1949 1421 1993 Ι,
1452 1949 1517 1999 10,
1550 1962 1585 2001 p.
1616 1950 1682 1990 93.

150 2019 250 2054 Hah.
271 2020 310 2055 in
328 2019 433 2065 agris
452 2020 652 2055 Cataoniae
670 2020 719 2056 ad
737 2020 915 2066 Palanga
933 2020 1034 2056 Owa
1052 2031 1120 2067 pro
1152 2031 1170 2055 e
1186 2021 1368 2055 Albistan
1388 2021 1564 2064 (Haussk
1576 2024 1611 2065 l),
1632 2023 1668 2056 in
1691 2022 1809 2057 Cli-le-

102 2066 210 2112 syria
228 2067 278 2101 ad
297 2066 468 2102 Balbeck
492 2067 668 2112 (Boissl),
688 2069 854 2113 Assyria
873 2069 973 2103 inter
993 2068 1123 2103 Kerku
1142 2079 1151 2084 ’
1173 2072 1209 2102 et
1227 2068 1493 2103 Suleimanieh
1514 2073 1549 2103 et
1568 2069 1699 2104 Persia
1719 2080 1806 2104 aus-

103 2113 191 2148 trali
208 2113 257 2149 ad
276 2114 429 2149 Gulbar
444 2114 553 2149 distr.
570 2114 661 2149 Knh
679 2114 875 2160 Kilouyeh
894 2115 1073 2159 (Haussk
1087 2118 1122 2153 ll.

150 2175 304 2222 Species
336 2175 502 2222 pulchra
530 2177 764 2224 pedunculis
796 2178 938 2223 longis,
958 2178 1141 2224 capitulis
1163 2178 1348 2213 maximis
1380 2178 1574 2223 depressis
1593 2181 1630 2213 et
1656 2178 1806 2223 phyllis

104 2223 354 2258 interioribus
373 2223 562 2260 brevibus
581 2224 788 2272 adm-assis,
810 2225 1055 2260 intermediis
1083 2229 1119 2261 et
1146 2225 1294 2260 intimis
1322 2225 1437 2270 longe
1458 2226 1626 2271 spinosis
1648 2226 1807 2260 dislssnc-

106 2270 267 2306 tissima.

343 2399 361 2416 ”
389 2398 408 2417 *
435 2400 593 2447 Pappus
613 2401 832 2447 plumosus.
851 2402 1047 2438 Involucri
1068 2403 1205 2448 phylla
1226 2403 1358 2438 omnia
1377 2403 1574 2448 adpressit,

171 2513 236 2554 12.
271 2512 327 2556 O.
362 2515 905 2571 cynarocephalum
934 2517 1081 2560 (Boiss
1116 2517 1236 2558 etBl.
1258 2516 1406 2569 Diagn.
1427 2515 1518 2557 Ser.
1542 2515 1594 2565 Il,
1614 2515 1709 2566 3.p.
1733 2516 1806 2567 487)

108 2571 246 2613 viride
274 2572 527 2616 indumento
551 2586 761 2617 araneoso
789 2577 1042 2629 parcissimo
1070 2576 1264 2617 detersili
1290 2576 1478 2617 obsiluin
1503 2574 1665 2615 minuto
1689 2572 1806 2624 glan-

107 2629 513 2683 duloso-viscidum,
538 2633 659 2676 caule
684 2635 796 2677 clato
823 2634 1065 2678 dichotome
1097 2647 1263 2676 ramoso
1300 2633 1553 2686 corymlioso
1586 2632 1805 2683 ramisque

107 2687 317 2742 elongatis
344 2690 424 2733 alis
453 2691 701 2747 interrupte
730 2694 1073 2748 pinnaliparlitis
1102 2694 1141 2734 in
1172 2694 1320 2747 spinas
1349 2692 1515 2734 validas
1550 2691 1806 2732 lanceolalas

107 2746 370 2791 abeuntibus
391 2751 656 2803 marginatise
675 2752 789 2793 foliis
813 2753 1097 2795 inferioribus
1122 2752 1332 2803 elongatis
1356 2750 1601 2792 lanceolatis
1627 2749 1808 2790 hullalo-

110 2807 279 2859 rugosis
309 2819 459 2860 grosse
486 2810 811 2862 pinnatilobatis
839 2811 907 2853 vel
936 2812 1106 2864 partilis
1131 2823 1276 2852 crasso
1312 2814 1354 2851 et
1382 2809 1573 2851 brevitor
1603 2807 1806 2860 spinosis,

107 2866 290 2908 caulinis
314 2867 439 2910 valde
466 2867 693 2911 diminutis
720 2869 1071 2914 decurrentibus.
1100 2869 1297 2923 capitulis
1324 2868 1478 2921 amplis
1506 2867 1658 2917 oratis,
1689 2866 1810 2907 invo-

111 2922 217 2966 lucri
239 2925 400 2978 phyllis
422 2926 586 2980 glabris
608 2928 758 2970 nitidis
777 2933 894 2971 arcte
916 2929 1154 2971 imbricatis
1174 2929 1310 2969 acutis
1329 2926 1622 2980 pungentibus
1641 2925 1693 2965 al»
1714 2924 1808 2964 inli-

110 2981 192 3023 mis
228 2983 775 3039 oblongo-triangularibus
812 2988 862 3029 ad
900 2988 1048 3030 intima
1087 2987 1319 3029 lanceolata
1359 2985 1558 3026 flosculos
1593 2982 1807 3036 aequantia
