2066 3296
101 229 358 278 Onopordon.
826 237 1074 264 COMPOSITAE.
1730 240 1799 275 551

105 311 301 347 abeuntia.
316 332 361 336 —
378 310 420 348 Ο.
434 310 647 357 floccosum
665 308 791 344 Boiss.
807 309 950 355 Diagn.
964 308 1041 344 Ser.
1056 308 1081 354 1,
1096 309 1153 353 10,
1169 321 1204 357 p.
1220 310 1266 346 92
1280 314 1316 347 et
1333 311 1372 349 O.
1390 312 1662 352 Lz'banotz‘cum
1677 317 1800 354 Boiss.

106 361 143 394 et
158 359 217 394 131.
240 359 379 404 Diagn.
399 357 478 393 Ser.
497 357 541 402 11,
559 357 593 402 3,
608 367 644 403 p.
662 355 720 391 48.

107 468 115 475 ι
153 421 255 457 Hab.
270 422 311 457 in
328 420 442 475 Syria.
456 418 619 474 littorali
638 419 687 473 ad
703 417 854 465 Tripoli
869 418 978 463 (ΒΗ),
996 418 1045 454 ad
1062 419 1169 455 Eden
1185 420 1333 465 (Boissl
1349 422 1438 468 ΒΗ),
1455 424 1504 459 ad
1521 425 1675 461 Hasrun
1692 427 1802 473 (ΒΗ),

105 478 145 504 ln
163 472 296 504 monte
313 467 437 504 Garbi
454 465 674 503 Antllibam
695 465 786 511 (ΚΥ.
799 465 913 510 5661).

164 554 203 592 y.
229 531 550 576 Cardunculus.
568 554 623 561 -
643 531 863 573 Involucri
886 531 1033 584 pbylla
1051 531 1299 575 abbreviata
1328 534 1370 576 in
1394 536 1608 589 spinulam
1628 539 1800 582 brevem

103 596 281 636 tenuem
304 591 489 644 abrupte.
515 590 732 642 abeuntia,
758 589 909 632 infima
934 593 1102 632 tantum
1128 591 1322 635 breviter
1344 594 1518 637 reflexa.
1546 620 1596 627 —-
1623 596 1669 638 Ο.
1701 598 1802 640 Car-

104 650 326 694 dunceolus
350 649 476 692 Boiss
516 649 617 691 Mss.

151 725 252 760 Hab.
271 724 312 759 in
328 723 461 759 Tauro
480 721 692 758 Cataonico
709 720 889 765 (Haussk
901 723 938 766 1).

149 790 213 824 Ar.
236 787 370 832 Geogr.
391 785 606 830 Lusitania,
626 784 834 830 Hispania,
853 783 986 820 Gallia
1007 785 1206 830 australis,
1224 787 1346 832 Italia,
1365 788 1574 826 Dalmatia.

165 920 204 961 6.
232 917 288 961 Ο.
315 915 802 971 myriacanthum
831 915 990 971 (Boiss.
1007 917 1158 970 Diagn.
1179 917 1270 961 Ser.
1289 920 1342 968 ΙΙ,
1358 922 1397 972 6,
1418 934 1455 974 p.
1481 923 1577 968 114)
1596 923 1804 976 adpresse

102 987 506 1028 araneoso-canum,
530 974 653 1017 caule
679 975 790 1017 elato
815 986 1005 1030 superne
1030 988 1201 1019 ramoso
1230 981 1276 1020 ut
1299 982 1341 1021 et
1363 980 1471 1021 rami
1497 981 1575 1023 alis
1605 982 1803 1034 pluribus

102 1034 426 1091 angustissimis
453 1034 658 1077 lobulatis
680 1034 874 1077 tenuiter
895 1035 1392 1089 flavido-spinosissimis
1415 1039 1671 1093 marginato,
1695 1041 1803 1084 soliis

101 1095 306 1140 omnibus
329 1097 511 1147 anguste
536 1092 786 1136 lanceolatis
808 1094 853 1135 in
876 1093 1054 1136 lacinias
1092 1094 1348 1138 lanceolatas
1383 1098 1573 1150 margine
1605 1103 1647 1140 et
1684 1100 1802 1153 apice

96 1155 257 1198 crebre
276 1156 319 1195 et
339 1153 533 1208 tenuiter
549 1152 931 1206 flavido-spinosas
955 1153 1313 1207 pinnatipartitis‚
1332 1155 1512 1198 caulinis
1532 1157 1653 1199 valde
1681 1157 1804 1199 dimi-

105 1213 223 1257 nutis
242 1211 594 1261 decurrentibus,
617 1211 818 1265 capitulis
836 1212 1002 1264 magnis
1021 1211 1229 1264 depresse
1251 1213 1441 1265 globosis
1460 1214 1551 1257 basi
1575 1217 1803 1266 truncatis,

103 1271 320 1315 involucri
356 1269 515 1324 phyllis
541 1270 705 1324 glabris
732 1269 982 1313 lanceolatis
1018 1270 1071 1312 ab
1098 1271 1291 1313 externis
1326 1274 1715 1317 recurvo-reflexis
1751 1275 1804 1316 ad

103 1331 256 1374 intima
273 1330 632 1384 erecto-patentia
651 1329 854 1378 flosculos
872 1330 1088 1382 aequantia
1107 1329 1259 1380 auctis,
1278 1330 1469 1373 flosculis
1488 1332 1663 1385 glabris,
1681 1335 1802 1376 ache-

104 1390 189 1432 niis
222 1389 376 1432 obtuse
411 1388 696 1442 quadrialatis
728 1387 844 1430 inter
876 1391 1016 1430 costas
1053 1388 1426 1441 longitudinaliter
1459 1391 1637 1444 striatis
1663 1404 1804 1447 pappo

104 1449 282 1492 achenio
309 1447 443 1502 duplo
470 1447 664 1501 longiore
692 1446 761 1502 (a).

152 1521 252 1557 Hab.
272 1521 314 1556 in
340 1520 499 1566 regione
525 1522 715 1556 montana
741 1520 887 1556 montis
905 1520 1059 1556 Malevo
1079 1520 1256 1557 Laconiae
1273 1521 1382 1557 3300‘
1402 1521 1538 1569 (Orph.
1559 1522 1614 1558 Fl.
1637 1524 1703 1558 Gr.
1724 1533 1802 1559 exs.

103 1569 166 1605 55!
185 1568 261 1604 sub
282 1567 314 1605 O
346 1568 557 1614 elonyato),
581 1568 763 1603 Parnassi
784 1567 886 1603 inter
903 1567 1087 1603 Rachova
1108 1571 1144 1604 et
1160 1568 1324 1604 Gourna
1344 1569 1532 1614 (Heldrl),
1554 1570 1697 1605 montis
1719 1570 1805 1605 Dir-

103 1616 207 1663 phys
225 1615 373 1651 Eubeae
390 1625 414 1650 a
432 1624 534 1662 pago
552 1614 661 1650 Steni
679 1615 731 1650 ad
749 1614 853 1650 4000’
871 1614 1016 1659 (Heldr
1028 1617 1064 1660 l).

151 1679 292 1715 Planta
310 1678 416 1714 foliis
434 1678 727 1723 angustissimis
744 1678 937 1724 profunde
956 1677 1095 1713 divisis
1115 1679 1280 1714 tenuiter
1298 1681 1334 1714 et
1353 1678 1496 1713 ssavide
1516 1680 1805 1725 spinosissimis

104 1726 312 1763 Car-dnum
329 1724 589 1762 earlz'nozdem
605 1725 785 1769 referens,
802 1725 1093 1761 characteribus
1114 1726 1240 1761 affinis
1261 1725 1465 1772 OHZyrz'co
1486 1736 1508 1760 a
1527 1737 1603 1772 quo
1623 1727 1806 1762 foliorum

101 1772 569 1867 ἷζσειὲἒὲἰῖἐῖἓέὲνίεἰοηθ
587 1775 625 1808 et
641 1772 793 1819 phyllis
810 1772 968 1819 longius
988 1773 1157 1819 spinosis
1172 1773 1318 1817 differt;
1335 1783 1384 1808 an
1402 1775 1531 1808 tamen
1548 1774 1663 1819 hujus
1682 1776 1806 1809 varie-

166 1937 204 1977 7.
237 1934 295 1979 Ο.
328 1935 705 1980 bracteatum
738 1934 897 1989 (Boiss.
927 1938 969 1977 et
1004 1933 1151 1975 Heldr.
1188 1933 1339 1987 Diagn.
1375 1933 1471 1976 Ser.
1503 1935 1536 1982 I,
1567 1935 1631 1984 10,
1660 1947 1696 1987 p.
1729 1935 1802 1989 21>

102 1995 313 2049 adpresse
336 1996 631 2037 tomentosum
663 1994 856 2044 nIveum‚
890 1993 1010 2036 caule
1041 1993 1151 2035 elato
1184 2003 1374 2046 superne
1412 1992 1605 2036 breviter
1635 2006 1804 2036 ramoso

104 2057 153 2097 ut
181 2056 224 2095 et
248 2053 358 2096 rami
391 2053 471 2095 alis
497 2052 701 2108 pluribus
729 2053 925 2105 angustis
953 2052 1157 2094 lobulatis
1193 2050 1454 2093 creberrime
1481 2053 1522 2093 et
1549 2051 1804 2094 tenuissime

97 2112 431 2168 vssavo-spinosis
466 2111 723 2164 marginato,
749 2111 863 2154 foliis
895 2110 1176 2153 inferioribus
1216 2110 1671 2162 oblongo-lanceolatis
1710 2109 1807 2152 bre-

105 2172 218 2214 viter
236 2171 605 2225 lobato-spinosis,
623 2170 806 2213 caulinis
826 2169 952 2213 valde
971 2169 1196 2212 diminutis
1217 2169 1570 2220 decurrentibuS,
1588 2169 1805 2222 supremis

104 2230 354 2273 numerosis
390 2230 519 2276 basin
556 2229 770 2271 involucri
811 2232 928 2271 arcte
968 2228 1290 2270 bracteantibus
1328 2239 1466 2281 eoque
1508 2226 1802 2277 brevioribus,

93 2288 303 2344 capitulis
338 2289 506 2342 magnis
530 2287 722 2342 globosis
749 2288 843 2330 basi
869 2287 1096 2337 truncatis,
1120 2286 1338 2329 involucri
1365 2285 1503 2338 glabri
1538 2285 1696 2339 phyllis
1726 2286 1807 2328 late

102 2347 353 2391 lanceolatis
376 2348 429 2391 ab
450 2347 644 2391 externis
670 2348 793 2401 longe
817 2345 1204 2389 recurvo-reflexis
1228 2344 1281 2386 ad
1304 2345 1453 2387 intima
1479 2347 1623 2386 erecta
1648 2344 1807 2386 floscu-

103 2407 168 2449 los
194 2407 410 2461 aequantia
435 2406 588 2458 auctis,
616 2406 808 2450 flosculis
834 2405 1013 2459 glabris,
1040 2404 1252 2447 aclieniis.
1271 2435 1309 2445 ..
1342 2403 1414 2458 .-

101 2479 308 2572 (HHladb.¹3n
325 2479 478 2516 saxosis
493 2479 653 2516 Pisidiae
671 2479 711 2515 in
729 2481 837 2526 parte
855 2479 1029 2514 inferiori
1049 2478 1193 2513 montis
1212 2476 1424 2512 Boudroun
1443 2486 1560 2523 prope
1575 2475 1804 2520 Aglansoun

160 2537 179 2562 Θ
228 2537 245 2562 r
287 2554 294 2560 .

149 2589 288 2625 Affinis
309 2589 349 2626 O.
369 2588 648 2637 myriacantho
665 2592 703 2625 et
730 2599 886 2636 quoque
912 2588 1106 2624 involucri
1127 2586 1368 2623 characterib
1381 2596 1424 2621 us
1445 2584 1485 2621 O.
1499 2582 1661 2631 Illyrico
1682 2585 1806 2627 affine,

102 2635 155 2671 ab
171 2638 260 2672 utro
291 2647 337 2672 ue
355 2636 538 2683 capitulis
557 2636 740 2672 confertis
760 2636 922 2672 bracteis
935 2636 1156 2671 numerosis
1171 2633 1374 2670 lanceo'ati
1385 2643 1403 2668 s
1419 2632 1806 2678 lobulato-spinosis-

101 2683 215 2718 simis
232 2683 273 2719 fu
292 2685 407 2720 cratis
426 2684 669 2720 distinctum.

163 2817 201 2857 8.
237 2813 295 2858 Ο.
327 2814 819 2871 Sibthorpianum
855 2814 1013 2870 (Boiss.
1056 2817 1097 2856 et
1138 2812 1284 2855 Heldr.
1326 2811 1368 2853 in
1416 2810 1474 2851 Pl.
1518 2808 1652 2850 Graec.
1695 2807 1807 2860 exs)

105 2874 315 2927 adpresse
336 2873 437 2928 plus
462 2874 608 2917 minus
627 2877 1046 2917 cano-tomentosum
1067 2872 1133 2914 vel
1155 2871 1362 2925 griseum,
1389 2868 1511 2912 caule
1536 2866 1721 2919 simplici
1743 2867 1805 2907 vel

104 2944 277 2975 ramoso
302 2935 350 2974 ut
371 2935 415 2975 et
438 2933 548 2975 rami
575 2933 656 2976 alis
681 2933 1002 2987 angustissimis
1026 2931 1178 2973 crebre
1200 2926 1558 2984 spinoso-Iobatis
1583 2925 1633 2966 ad
1660 2925 1807 2977 spinas

100 2990 324 3034 interdum
363 2991 560 3034 reductis
597 2992 857 3046 marginato,
900 2990 1009 3033 soliis
1051 2989 1312 3032 radicalibus
1351 2983 1806 3038 oblongo-lanceolatis
