2071 3241
121 217 249 253 Aster.
844 218 1091 247 commanus.
1751 205 1820 243 157

188 360 348 409 ASTER
387 360 446 421 (L.
483 360 579 407 Gen.
618 359 736 420 954).
761 386 819 392 —-
855 357 1129 419 Tripolium
1155 362 1205 404 et
1240 356 1495 403 Calimeris
1521 355 1666 402 Nees.
1697 384 1752 389 --

302 424 358 471 H
357 421 675 484 omostyl'ium
688 423 850 470 Lindl.
867 449 928 457 -
942 422 1291 484 Diplopappus
1304 435 1398 468 αα.
1415 436 1472 469 ex
1492 424 1646 482 parte.

181 558 426 612 Capitulum
446 556 605 610 saepius
624 556 838 598 radiatum
858 555 1003 597 rarius
1039 553 1316 597 discoideum.
1349 553 1511 605 Ligulae
1544 554 1824 596 heterochro·

123 628 203 660 111ae
240 615 499 660 uniseriales
523 615 737 664 femineae,
767 613 934 656 flosculi
968 613 1075 655 disci
1100 611 1446 666 hermaphroditi
1470 612 1673 655 tubulosi.
1697 613 1823 655 Invo-

123 674 936 726 lucrumimbricatuin.Receptaculum
960 671 1394 715 nudumAchenium
1411 674 1580 714 erostre
1604 682 1823 726 compres-

124 747 234 778 sum.
257 734 430 788 Pappus
458 732 621 785 pilosus
648 732 719 773 uni
744 731 809 774 vel
834 730 1137 786 pluriserialis.
1174 754 1228 759 —
1250 730 1407 772 Herbae
1430 742 1648 784 perennes
1674 730 1822 773 rarius

125 793 317 836 biennes.

407 906 426 925 '
452 907 578 954 Pappi
589 910 681 942 setae
698 906 949 953 subaequales
967 906 1031 941 vel
1044 908 1196 941 tantum
1210 905 1274 941 1-2
1286 906 1538 942 abbreviatae.

190 1007 223 1046 l.
251 1005 311 1047 A.
340 1004 593 1059 Alpinus
632 1003 698 1059 (L.
732 1002 803 1057 Sp.
836 1001 968 1058 1226)
991 1003 1234 1056 pubescens
1263 1002 1333 1045 vel
1354 1015 1602 1057 canescens,
1628 1003 1826 1047 ‘caulibus

126 1064 328 1120 pluribus
374 1063 548 1117 puniilis
590 1061 911 1116 monocephalis
950 1061 1129 1109 foliosis,
1180 1062 1293 1104 foliis
1331 1062 1514 1114 integris
1560 1063 1826 1105 radicalibus

126 1121 588 1175 oblongo-spathulatis
612 1122 656 1163 in
683 1120 891 1174 petiolum
910 1120 1143 1163 attenuatis
1156 1120 1395 1173 trinerviis,
1421 1122 1603 1164 caulinis
1637 1122 1825 1164 (Πιηίιηιὁ

128 1181 183 1223 tis
207 1180 455 1223 lanceolatis
485 1180 547 1222 vel
575 1180 827 1229 linearibus,
864 1179 1075 1221 involucri
1118 1180 1279 1234 phyllis
1309 1180 1417 1223 laxis
1442 1180 1569 1223 hirtis
1601 1184 1643 1223 et
1667 1181 1826 1233 saepius

127 1240 281 1283 ciliatis
308 1239 554 1281 lanceolatis
581 1237 749 1281 obtusis
775 1239 961 1280 internis
993 1239 1215 1281 interdum
1242 1239 1393 1291 acutis,
1431 1239 1575 1292 ligulis
1617 1239 1826 1282 coeruleo-

129 1298 314 1341 lilacinis
339 1297 455 1340 disco
494 1298 609 1340 luteo
643 1296 774 1351 duplo
814 1297 1096 1350 longioribus,
1119 1297 1322 1340 acliaeniis
1346 1298 1472 1340 hirtis
1508 1305 1566 1346 26.
1611 1299 1665 1341 lc.
1703 1298 1823 1351 Jacq.

129 1356 278 1400 Austr.
303 1357 387 1399 tab.
415 1358 482 1398 88.
514 1381 563 1387 --
586 1356 720 1399 Rchb.
747 1357 805 1399 Ic.
834 1356 980 1398 Germ.
1011 1357 1095 1398 tab.
1131 1358 1228 1398 905.
1265 1381 1319 1388 —-
1356 1356 1405 1398 A.
1441 1354 1686 1409 pulchellus
1716 1357 1823 1399 Hoh.

128 1415 284 1458 Enum.
311 1414 602 1468 Elisabetlipol
631 1428 717 1457 non
733 1415 801 1457 W.
1597 1425 1599 1427 ·

175 1490 278 1525 Hah.
293 1491 331 1525 in
350 1490 595 1535 rupestribus
610 1493 647 1525 et
662 1489 816 1536 pascuis
836 1490 951 1525 siccis
969 1490 1139 1535 regionis
1159 1490 1316 1536 alpinae,
1330 1489 1624 1537 Peloponnesus
1637 1492 1676 1525 in
1696 1493 1828 1527 monte

128 1537 296 1582 Kyllene
318 1537 423 1573 <-;5‹]o‘
447 1537 580 1583 {Orph.
599 1537 657 1572 Fl.
680 1537 744 1572 Gr.
765 1547 845 1573 exs.
864 1536 947 1573 2851
968 1536 1094 1572 fornia
1112 1538 1262 1583 pumila
1278 1539 1383 1574 foliis
1410 1538 1681 1583 abbreviatis),
1701 1538 1827 1573 Maee-

128 1583 248 1620 donia
259 1585 298 1619 in
311 1586 442 1619 monte
453 1583 598 1619 Seardo
615 1583 815 1629 (Griseb.),
830 1584 1016 1620 Armenia
1029 1583 1241 1620 Turcicain
1252 1587 1453 1621 montibus
1471 1596 1591 1632 supra
1601 1585 1826 1621 Guniusch-

127 1630 230 1667 kane
250 1634 287 1666 et
312 1631 497 1666 Erzerum
527 1631 669 1676 [Huetl
689 1631 785 1666 Calv
799 1633 836 1675 1),
854 1632 894 1666 in
908 1631 1033 1667 Ponto
1052 1631 1188 1667 Lazico
1207 1633 1257 1668 ad
1275 1633 1546 1669 Tebarani-acb
1565 1632 1670 1668 7000*
1689 1632 1828 1677 (Ball),

128 1681 260 1714 monte
278 1680 417 1714 Ararat
434 1678 625 1723 (Tchihl),
645 1681 777 1714 monte
792 1678 977 1723 Karagiol
995 1678 1157 1714 ditionis
1175 1679 1387 1726 Karabagh
1408 1680 1570 1725 (Szov!),
1596 1679 1771 1715 Caucaso
1790 1680 1828 1715 et

128 1725 254 1761 iberia
270 1725 439 1770 (Ledeb,
458 1724 632 1770 C.A.M.),
655 1726 694 1760 in
715 1728 846 1761 monte
865 1725 1024 1761 Kasbek
1033 1726 1137 1761 9000’
1157 1726 1346 1772 (Rehmi),
1362 1727 1475 1763 Cauc.
1496 1726 1640 1763 Orient.
1656 1728 1696 1762 in
1715 1727 1826 1762 Sala-

128 1769 245 1818 tavia,
261 1771 482 1817 Tuschetia,
506 1772 774 1817 Daghestania
798 1772 1027 1808 coeo-900&
1047 1773 1213 1820 (Rupri),
1231 1775 1364 1810 Persia
1390 1773 1538 1810 boreali
1568 1774 1608 1809 in
1626 1774 1826 1810 montibus

127 1818 291 1855 Ghilani
318 1819 457 1863 (Auch.
476 1819 615 1864 47451).
634 1818 691 1854 Fi.
710 1822 791 1854 aest.

175 1882 236 1917 Ar.
256 1881 390 1927 Geoqr.
411 1881 564 1917 Montes
580 1881 797 1928 Hispaniae,
820 1881 975 1927 Galliae,
990 1882 1125 1928 ltaliae,
1143 1884 1377 1930 Germanice,
1391 1886 1564 1931 regionis
1580 1886 1828 1932 Danubialis,

130 1928 289 1973 sarbiae,
307 1928 457 1964 Rossiae
472 1928 685 1973 orientalis,
705 1929 826 1964 totius
845 1928 1009 1965 Sibiriae.

190 2045 230 2085 Ξ.
253 2043 314 2085 Α.
337 2043 604 2086 Amellus
631 2043 697 2098 (L.
724 2043 796 2098 Sp.
830 2043 957 2098 1226)
989 2045 1430 2098 pubescenti-scaber,
1465 2048 1663 2091 caulibus
1688 2049 1827 2094 firmis

130 2102 291 2145 foliosis
312 2101 565 2155 simpliciter
588 2102 875 2155 corymbosis,
897 2102 1008 2146 foliis
1032 2103 1212 2158 inti-gris
1232 2106 1298 2147 vel
1318 2107 1583 2149 subserratis
1606 2108 1829 2163 tripliner-

129 2161 211 2204 viis
240 2160 519 2203 inferioribus
531 2161 787 2216 ollipticisiu
807 2161 1014 2214 petiolum
1037 2165 1272 2206 attenuatis
1299 2165 1602 2217 superi0ribus
1623 2167 1827 2219 oblongo-

131 2219 393 2271 lanceolatis,
417 2219 629 2262 involucri
659 2220 816 2274 phyllis
842 2221 1000 2274 patulis
1027 2221 1178 2264 ciliatis
1203 2222 1294 2265 basi
1322 2225 1556 2266 attenuatis
1580 2226 1699 2278 apice
1723 2226 1826 2267 sub-

129 2278 379 2331 squarrosis
403 2278 569 2321 obtusis
601 2279 787 2323 internis
825 2280 946 2333 apice
983 2282 1421 2334 purpurascentibus,
1457 2283 1601 2337 ligulis
1627 2285 1825 2330 caeruleis

131 2335 248 2379 disco
272 2336 389 2378 luteo
425 2337 642 2392 subduplo
684 2337 967 2391 longioribus,
993 2340 1193 2383 achaeuiis
1219 2341 1346 2384 hirtis
1370 2348 1429 2390 ῆι.
1458 2343 1513 2384 Ic.
1532 2342 1650 2398 Jacq.
1675 2345 1825 2388 Austr.

129 2394 214 2437 tab.
240 2396 412 2436 1235.—
440 2395 571 2439 Rchb.
601 2392 748 2440 Germ.
770 2397 854 2439 tab.
880 2398 977 2440 906.

177 2466 279 2502 Hab.
298 2468 339 2503 in
368 2468 535 2504 collibus
566 2470 706 2516 apricis
733 2469 873 2506 Atticae
894 2472 958 2511 (ex
982 2470 1138 2518 sibili).
1164 2473 1321 2510 Tauriae
1339 2476 1377 2511 et
1397 2485 1506 2522 prov.
1526 2476 1829 2517 Caucasicarum

130 2512 319 2561 (Ledeb.),
335 2514 471 2551 Iberiae
484 2516 605 2560 (Hoh.
622 2527 701 2553 exs.
721 2517 798 2552 sub
814 2518 863 2553 A.
880 2516 1075 2566 lbericol).

135 2644 144 2653 ·
189 2586 234 2641 β.
258 2587 452 2629 Ibericus
475 2603 555 2632 nc.
583 2590 736 2640 Prodr,
768 2591 817 2633 V.
836 2605 876 2647 p.
907 2593 1004 2634 Qssl.
1033 2617 1089 2625 —
1114 2591 1236 2647 Saepe
1267 2596 1401 2649 magis
1444 2600 1698 2651 pubescens,
1732 2602 1831 2647 folia

132 2648 297 2698 lntegra
321 2647 525 2700 acutiora,
563 2649 778 2692 involucri
812 2651 959 2703 phylla
990 2653 1182 2695 acutiora
1217 2654 1427 2699 interiora
1451 2657 1521 2698 va
1547 2659 1747 2703 colorata.
1775 2686 1829 2692 —-

135 2702 183 2744 A.
207 2703 404 2746 Ihm-icus
431 2707 546 2749 Stev.
572 2708 614 2749 in
640 2707 743 2750 ΜΒ.
769 2708 1048 2753 ΤευΓ.·(]3υα.
1081 2711 1133 2763 II,
1160 2726 1200 2765 p.
1230 2713 1326 2755 311.

181 2776 280 2813 Hah.
304 2777 343 2813 in
374 2778 485 2815 siccis
518 2781 712 2816 Anatoliae
747 2781 920 2818 borealis
951 2783 999 2820 ad
1032 2784 1203 2821 Samson
1233 2787 1414 2833 (Wiedl),
1446 2791 1644 2828 Armoniae
1662 2795 1830 2832 Tureicae

133 2825 615 2915 {isi-pezzGFulmelcthkhane
633 2828 777 2874 (Tchih
791 2832 828 2875 1),
854 2829 1101 2868 Maimansur
1118 2831 1285 2879 (Huetl),
1308 2835 1479 2873 Baibout
1497 2838 1831 2886 (Bou1·g!)‚1beria

135 2933 242 3014 hstis.
263 2933 395 2994 Geoqrt.
415 2936 556 2991 Gallia,
575 2936 766 2983 Helvetia,
789 2939 1014 2995 Germania,
1029 2941 1143 2978 Italia
1154 2944 1333 2997 borealis,
1352 2946 1562 2993 Dalmatia,
1575 2952 1680 2997 regio
1698 2952 1830 2989 Danu-

163 2979 261 3024 1alis,
282 2981 420 3018 Ross1a
438 2984 567 3018 media
589 2988 624 3020 et
643 2986 838 3031 australis,
855 2987 1000 3024 Sibiria
1014 2989 1226 3027 Uralens1s.
