2066 3296
75 217 356 265 'Trayopoyon
810 227 1045 255 composrrAE
1706 223 1776 259 747

73 298 288 341 involucri
310 298 470 353 phyllis
492 298 686 352 quinque
709 301 892 352 anguste
914 299 1160 342 lanceolatis
1186 299 1391 342 flosculos
1416 312 1438 342 e
1460 301 1571 344 sicco
1595 314 1775 346 carneos

73 356 445 471 supaequaptigi‘s,
462 357 652 399 acheniis
670 356 957 412 (junioribus)
976 357 1158 400 laevibus
1181 357 1375 400 breviter
1396 360 1612 412 rostratis,
1635 373 1775 416 pappo

75 428 130 458 ru
149 427 277 459 escen
302 429 314 457 1
410 449 419 456 .

121 488 221 523 Hab.
240 489 281 524 in
303 488 503 524 montibus
520 488 663 524 Persiae
684 487 889 523 orientalis
907 498 1027 535 prope
1045 488 1138 524 Jezd
1156 489 1349 534 (Buhsel).

118 552 257 589 Planta
274 564 321 589 ex
341 553 554 599 specimine
574 552 894 600 9-10-pollicariS‚
912 553 1008 589 folia
1026 553 1213 589 inferiora
1229 553 1293 589 8-9
1310 554 1473 600 pollices
1493 554 1613 600 longa
1631 565 1774 600 angus-

73 600 238 645 tissima,
256 599 429 647 capitula
447 600 522 635 sub
541 600 696 635 anthesi
714 600 737 636 9
757 600 884 636 lineas
903 602 1058 636 tantum
1085 600 1216 647 longa.
1237 600 1367 637 Radix
1385 604 1422 637 et
1441 602 1595 637 duratio
1613 603 1771 648 ignotae.

691 738 714 793 g
748 739 786 779 Ξ.
817 738 1152 782 Flaviflora.

134 872 172 913 6.
207 871 263 913 Τ.
301 871 498 926 majus
530 871 671 926 (Jacq.
694 871 756 913 Fl.
783 871 934 914 Austr.
959 871 989 922 Ι,
1013 886 1055 926 p.
1088 873 1154 922 19,
1176 871 1262 915 tab.
1293 873 1368 926 29)
1399 873 1613 926 glabrum,
1643 874 1764 915 caule

73 930 183 973 elato
211 930 360 972 stricto
387 941 517 984 parce
544 942 732 982 ramoso,
757 930 866 973 collo
892 930 1025 983 nudo,
1055 931 1168 973 foliis
1195 944 1217 972 a
1245 931 1338 973 basi
1366 931 1540 974 dilatata
1569 933 1771 974 semiam-

72 988 303 1043 plexicauli
336 989 592 1040 linearibuS‚
616 988 876 1042 pedunculis
903 989 1114 1042 elongatis
1145 1001 1335 1043 superne
1368 990 1493 1032 valde
1520 991 1771 1033 incrassatis

69 1048 265 1099 clavatis,
282 1048 482 1102 capitulis
505 1048 686 1102 magnis,
705 1047 920 1091 involucri
943 1048 1104 1102 phyllis
1127 1049 1231 1090 8-12
1250 1049 1455 1091 flosculos
1479 1050 1620 1091 luteos
1643 1052 1771 1091 extus

72 1106 296 1149 interdum
321 1107 578 1149 livescentes
603 1106 929 1161 superantibus,
952 1107 1144 1149 acheniis
1168 1108 1480 1160 marginalibus
1503 1107 1771 1161 acutangulis

71 1166 602 1219 squammoso-muricatis
629 1165 672 1208 in
706 1169 899 1208 rostrum
936 1166 1229 1220 aequilongum
1258 1166 1326 1208 vel
1360 1166 1616 1219 sublongius
1643 1170 1772 1208 tenue

67 1224 321 1277 angulatum
355 1224 477 1278 apice
513 1224 816 1268 subclavatum
850 1228 892 1267 et
929 1225 1089 1278 saepius
1123 1225 1316 1267 lanatum
1350 1225 1601 1274 attenuatis,
1631 1236 1770 1278 pappo

70 1282 249 1325 sordido
282 1283 350 1338 Θ.
383 1283 440 1325 Ic.
476 1283 609 1325 Rchb.
641 1282 726 1325 tab.
756 1284 824 1326 38.
852 1308 907 1313 —
940 1282 983 1325 T.
1019 1282 1199 1325 dubium
1234 1282 1333 1325 Vill.
1370 1283 1540 1337 Delph.‚
1565 1284 1687 1337 Scop.
1715 1306 1773 1312 -

73 1341 115 1383 Τ.
143 1340 351 1383 livescens
374 1343 498 1385 Bess.
519 1367 575 1372 —-
595 1342 636 1384 Τ.
658 1353 952 1395 ηιασφὉροροη
975 1340 1074 1383 C.A.
1095 1342 1202 1396 Mey.
1226 1343 1270 1385 in
1295 1342 1403 1384 Hoh.
1426 1343 1610 1397 Talysch
1634 1355 1673 1396 p.
1694 1342 1770 1383 43!

118 1413 216 1449 Hab.
232 1414 272 1449 in
292 1414 447 1450 collinis
465 1418 502 1451 et
520 1415 697 1451 herbidis
717 1415 840 1460 siccis,
859 1414 1092 1451 Macedonia
1106 1415 1227 1459 (Friv.
1244 1426 1292 1451 ex
1306 1415 1488 1460 Griseb),
1505 1415 1638 1450 insula
1653 1414 1772 1450 Chios

64 1460 243 1508 (Orphl),
271 1461 419 1498 Pisidia
444 1472 567 1509 prope
592 1462 856 1498 Karabounar
881 1463 983 1498 inter
1009 1465 1161 1508 segetes
1188 1462 1378 1507 (Heldr!)‚
1400 1463 1548 1498 Pontus
1575 1462 1771 1507 (Tchihl).

70 1508 217 1544 Tauria
235 1511 272 1544 et
288 1519 396 1556 prov.
416 1510 639 1546 Caucasicae
658 1509 801 1554 (M.B.).

127 1573 175 1627 β.
210 1573 547 1627 stenophyllum.
590 1599 647 1606 —
684 1574 803 1617 Folia
846 1575 1113 1627 angustiora.
1156 1575 1342 1629 capitula
1389 1574 1658 1622 subminora‚
1703 1574 1774 1616 vix

69 1633 272 1676 varietas.
298 1658 352 1663 —
379 1634 425 1675 T.
456 1636 693 1687 campestre
717 1633 878 1677 Besser
903 1634 1057 1676 Enum.
1085 1634 1208 1676 Volh.
1237 1632 1292 1675 N⁰
1318 1634 1443 1675 1626.

116 1706 217 1741 Hab.
236 1707 277 1742 in
294 1707 441 1742 Tauria
456 1707 557 1743 circa
575 1706 868 1754 Sympheropol
887 1708 925 1742 et
942 1706 1078 1742 Sudak
1098 1707 1255 1751 (Stevl).

115 1771 177 1853 ΑΞ..
203 1771 334 1818 Geoqr.
353 1771 512 1819 Europa
542 1772 671 1808 media
701 1774 738 1808 et
769 1771 957 1807 australis
983 1782 1005 1807 a
1033 1771 1172 1817 Belgio
1198 1773 1236 1807 et
1267 1770 1483 1808 Germania
1512 1770 1561 1805 ad
1590 1769 1772 1805 Rossiam

65 1827 132 1853 me
161 1828 256 1854 iam.

130 1936 168 1978 7.
202 1936 259 1978 Τ.
296 1937 580 1991 pratense
612 1935 756 1990 (Linn.
775 1934 846 1989 Sp.
872 1935 1006 1990 1109)
1024 1933 1222 1987 glabrum
1243 1934 1396 1988 junius
1423 1933 1645 1975 interdum
1669 1931 1772 1973 sub-

67 1995 317 2047 floccosum,
334 1995 458 2038 caule
473 1997 616 2036 erecto
643 2006 830 2043 ramoso,
847 1993 957 2036 foliis
985 2007 1008 2035 a
1032 1992 1124 2036 basi
1151 1992 1327 2036 dilatata
1340 1990 1767 2046 vaginam-amplexi-

67 2054 180 2096 cauli
203 2053 451 2097 lanceolatis
474 2053 596 2106 apice
619 2053 854 2096 attenuatis
877 2052 1083 2095 flexuosis
1101 2051 1169 2095 vel
1194 2051 1417 2094 undulatis
1440 2054 1481 2093 et
1505 2049 1770 2097 circinnatis,

69 2112 326 2167 pedunculis
355 2112 437 2155 sub
470 2111 659 2165 capitulo
696 2124 853 2166 parum
889 2111 1155 2164 incrassatis,
1191 2110 1415 2153 involucro
1443 2106 1770 2161 suboctophyllo

68 2171 273 2214 flosculos
300 2171 441 2214 luteos
467 2174 666 2224 aequante
693 2170 761 2213 vel
790 2173 1042 2225 superante,
1067 2169 1257 2212 acheniis
1284 2167 1593 2222 marginalibus
1620 2166 1771 2208 subin·

68 2230 216 2272 curvis
235 2229 449 2284 angulatis
473 2229 947 2283 squamuloso-asperis
970 2230 1016 2271 in
1036 2231 1230 2271 rostrum
1254 2226 1455 2270 filiforme
1478 2224 1769 2279 aequilongum

69 2288 140 2331 vel
162 2288 224 2330 eis
248 2290 376 2343 paulo
395 2289 564 2342 longius
591 2288 862 2342 subabrupte
886 2287 1139 2339 attenuatis,
1164 2298 1306 2340 pappo
1330 2285 1505 2328 sordido
1529 2284 1597 2339 (2).
1622 2284 1677 2325 Ic.
1699 2282 1762 2323 Fl.

69 2346 178 2390 Dan.
202 2347 286 2389 tab.
311 2348 410 2389 424.
438 2370 490 2377 —-
520 2347 560 2388 Τ.
586 2346 735 2388 minus
758 2346 894 2390 Fries.

116 2421 219 2458 Hah.
236 2422 277 2458 in
303 2422 425 2469 pratis
452 2421 652 2457 montanis
670 2420 910 2457 Macedoniae
929 2423 967 2456 et
985 2420 1163 2456 Thraciae
1181 2419 1303 2464 (Friv.
1322 2421 1359 2454 et
1379 2416 1502 2470 Fried.
1522 2426 1570 2452 ex
1580 2413 1770 2470 0Griseb.),

62 2468 235 2505 Caucasi
251 2469 381 2514 (M.B.‚
400 2469 488 2504 C.A.
507 2468 644 2514 Meyl),
662 2468 860 2504 Armeniae
879 2467 1062 2503 Kurdicae
1079 2468 1182 2503 inter
1199 2466 1284 2502 Van
1301 2468 1337 2501 et
1356 2464 1478 2500 Ischri
1495 2464 1640 2508 (Noel).

116 2532 167 2568 Ar
200 2532 333 2577 Geoqr.
359 2531 518 2578 Europa
536 2530 707 2566 borealis
737 2532 774 2566 et
798 2529 938 2576 media,
958 2529 1102 2565 limites
1133 2529 1184 2565 ob
1208 2527 1479 2564 confusionem
1514 2534 1603 2560 cum
1640 2522 1770 2570 specie

63 2579 252 2625 :sequenti
269 2579 418 2614 incerti.

128 2696 169 2737 8.
200 2694 255 2737 Τ.
282 2693 583 2738 Orientale
613 2693 680 2748 (L.
707 2692 778 2747 Sp.
803 2693 938 2737 11091
966 2692 1119 2747 junius
1140 2690 1458 2734 subfloccosum
1480 2687 1655 2752 tandem
1680 2685 1770 2739 gla-

70 2752 259 2806 bratum,
279 2753 339 2796 col
349 2753 386 2795 lo
409 2752 585 2804 fibroso,
605 2752 726 2795 caule
752 2755 894 2795 erecto
919 2763 1104 2802 ramoso,
1125 2750 1236 2793 foliis
1259 2762 1282 2791 a
1305 2747 1399 2790 basi
1419 2747 1552 2811 longe·
1572 2744 1766 2786 dllatato-

69 2811 270 2865 vaginata
296 2811 596 2866 amplexicauli
622 2811 872 2854 lanceolatis
899 2809 1023 2863 longe
1050 2808 1283 2852 attenuatis
1310 2805 1516 2871 flexuosis
1542 2802 1762 2868 luterdum

75 2870 294 2913 undulatis
311 2871 432 2924 apice
453 2870 717 2921 circinnatis,
735 2868 995 2924 pedunculis
1016 2867 1097 2911 sub
1115 2866 1303 2921 capitulo
1325 2876 1482 2920 parum
1501 2864 1767 2926 incrassatis,

68 2927 296 2971 involucro
320 2924 650 2984 suboctophyllo
675 2927 863 2971 flosculis
886 2926 1016 2970 luteis
1043 2927 1169 2968 tertia
1191 2927 1315 2980 parte
1338 2921 1554 2974 breviore,
1579 2921 1770 2985 achenns

70 2986 380 3041 marginalibus
418 2988 612 3031 obsolete
645 2987 860 3040 angulatis
895 2982 1365 3040 squammoso-asperis
1397 2982 1441 3023 in
1482 2983 1674 3023 rostrum
1709 2988 1771 3020 eis
