2095 3276
241 213 313 249 276
963 219 1213 246 COMPOSITAE.
1741 211 1937 249 Achillea.

241 295 512 350 simplicibus
564 294 752 348 sparsim
800 293 962 335 foliosis
1006 293 1328 348 monoccpbalis
1369 293 1589 336 rarissime
1629 294 1941 349 2-3-cephalis,

241 354 497 408 pedunculis
520 353 707 407 capitulo
735 352 865 406 duplo
894 352 1174 405 longioribus,
1196 352 1307 394 foliis
1326 352 1565 395 linearibus
1591 353 1682 395 basi
1704 353 1939 396 attenuatis

240 413 490 467 pectinatim
517 415 560 454 et
575 412 727 454 crebre
746 411 1013 465 pinnatifidis
1034 410 1237 453 dentibus
1265 411 1526 455 brevissime
1555 411 1792 455 linearibus
1815 411 1940 454 obtu-

239 472 300 514 sis
314 471 488 514 rachide
501 470 778 513 brevioribus
802 469 856 511 ad
878 481 1031 512 crenas
1058 481 1172 524 saepe
1194 469 1399 523 reductis,
1418 469 1530 513 foliis
1549 473 1737 513 summis
1755 473 1939 524 anguste

239 530 481 573 linearibus
507 529 704 583 integris,
727 529 914 582 capitulo
937 528 1176 582 majusculo
1203 529 1546 582 hemisphaerico‚
1568 529 1785 588 involucri
1810 541 1939 584 parce

236 592 281 632 et
314 589 524 644 adpresse
546 588 697 631 hirtuli
724 588 884 642 phyllis
912 587 1106 641 oblongis
1131 587 1323 641 margine
1361 590 1542 642 anguste
1563 589 1938 631 fuscescenti-sca-

238 648 368 690 riosis
395 647 634 690 sublaceris
657 646 948 689 exterioribus
968 646 1247 689 acutiusculis
1271 647 1438 690 caeteris
1461 646 1643 697 obtusis,
1661 646 1806 701 ligulis
1827 646 1936 690 albis

236 706 435 760 oblongis
462 706 709 748 trierenatis
737 705 855 748 disco
882 705 1099 759 subduplo
1133 706 1403 759 longiffl‘ibus
1437 712 1496 753 26.

283 789 384 825 Hah.
402 789 442 823 in
460 788 704 834 rupestribus
728 788 900 833 regionis
925 787 1065 823 mediae
1092 786 1255 834 Olympi
1284 787 1469 823 Thessali
1499 786 1732 824 5000’-7000‘
1753 786 1896 832 (Heldr
1913 789 1936 830 !,

233 835 356 882 Orph.
375 835 431 870 Fl.
446 836 502 871 Gr
535 846 616 871 exs
640 835 758 880 7811),
779 837 818 871 in
838 834 952 870 Creta
970 845 1018 870 ex
1040 835 1156 870 Flore
1182 835 1319 870 Graeca
1338 835 1510 871 indicata
1530 835 1597 871 sed
1625 838 1669 870 ut
1685 834 1843 871 videtur
1863 844 1936 881 per

238 893 419 919 errorem.

296 957 339 1011 β.
369 956 577 999 Aizooon.
604 981 658 986 —-
683 955 800 998 Folia
830 955 1212 1008 lineari-lingulata
1243 956 1437 999 obsolete
1475 958 1650 999 crenata
1677 958 1719 998 et
1749 954 1939 1009 integer-

236 1017 359 1059 rima.
381 1041 433 1045 —
462 1014 686 1057 Ptarmz‘ca
713 1015 911 1056 Aizooon
937 1014 1107 1057 Griseb.
1134 1014 1246 1070 Spic.
1276 1014 1331 1066 ΙΙ,
1355 1028 1394 1069 p.
1425 1016 1522 1057 210.

281 1098 383 1134 Hah.
402 1098 443 1133 in
460 1097 626 1133 summis
646 1097 752 1142 jugis
777 1096 962 1132 Parnassi
988 1095 1040 1131 ad
1069 1095 1239 1131 Dakalia
1268 1096 1420 1140 (Heldr.
1447 1095 1564 1131 Herb.
1585 1096 1721 1131 Norm.
1742 1095 1810 1130 611
1828 1096 1866 1139 l),
1888 1095 1938 1130 ad

232 1144 722 1238 ἓὲἒᾪιξῖὲέῑῖιέιὲίἰέθὲᾓέρὴ.
740 1143 797 1179 Fi.
814 1154 884 1179 exs
915 1143 1036 1187 3441),
1051 1143 1090 1178 in
1107 1143 1347 1179 Macedoniae
1363 1145 1495 1179 monte
1510 1143 1625 1188 Nidje
1643 1153 1763 1189 supra
1776 1142 1938 1178 Vodena

283 1266 424 1303 Caules
443 1265 745 1312 5-8-pollicares,
770 1264 864 1301 folia
887 1264 950 1301 1-2
970 1263 1062 1311 poll.
1089 1263 1208 1310 longa
1241 1274 1409 1311 superne
1427 1264 1446 1299 1
1469 1264 1608 1308 ’βα-211,
1628 1263 1695 1299 lin.
1723 1263 1814 1304 lata,
1834 1263 1936 1310 capi-

235 1314 364 1350 tulum
391 1324 521 1359 magn.
540 1313 618 1348 iere
636 1312 756 1349 Anth.
779 1316 988 1348 montanoe.
1004 1311 1160 1358 Species
1181 1312 1306 1347 affinis
1319 1312 1359 1347 in
1374 1311 1519 1347 Serbiae
1539 1311 1738 1347 montibus
1758 1311 1934 1355 occurrit,

233 1361 338 1398 toliis
356 1361 498 1397 similis
514 1360 583 1396 sed
600 1359 783 1407 capitulis
802 1359 923 1406 duplo
943 1358 1162 1395 minoribus
1184 1358 1443 1405 corymbosis.

661 1487 678 1504 ·
706 1489 720 1506 ·
749 1486 767 1504 ·
794 1487 905 1523 Folia
921 1487 1115 1534 pinnatim
1135 1487 1279 1534 partita
1297 1486 1361 1523 vel
1380 1488 1495 1523 secta.

295 1609 364 1652 58.
399 1608 458 1652 A.
491 1605 819 1650 umbellata
851 1604 869 1659 ζ
883 1604 1017 1647 Sibth.
1046 1607 1089 1646 et
1112 1603 1199 1646 Sm.
1234 1602 1388 1646 Prodr.
1418 1603 1472 1653 II,
1505 1615 1544 1657 p.
1577 1601 1692 1656 192)
1725 1601 1936 1655 adpresse

235 1670 476 1712 tomentosa
498 1678 603 1709 cana
629 1676 759 1719 opaca
783 1664 1010 1719 cespitosa,
1031 1662 1281 1705 rhizomatis
1307 1662 1498 1705 indurati
1517 1661 1650 1705 ramis
1670 1659 1801 1703 nudis
1819 1672 1934 1714 saepe

232 1727 445 1779 elongatis
470 1723 871 1780 procumbentibus,
903 1722 1101 1766 caulibus
1123 1721 1363 1764 humilibus
1397 1720 1732 1775 ascendentibus
1768 1719 1935 1773 simpli-

231 1786 356 1830 cibus
383 1795 574 1838 superne
598 1783 827 1832 subnudis,
861 1781 972 1824 foliis
1008 1793 1231 1823 ramorum
1267 1780 1482 1822 sterilium
1514 1783 1557 1822 et
1584 1779 1744 1821 infimis
1770 1778 1936 1821 ambitu

231 1842 638 1897 ovato-spathulatis
673 1842 840 1885 obtusis
883 1839 1096 1895 petiolatis
1132 1838 1400 1893 pinnatifidis
1429 1839 1494 1882 vel
1534 1837 1708 1893 partitis
1732 1836 1841 1880 lobis
1868 1837 1935 1879 vel

230 1903 398 1947 laciniis
426 1901 595 1945 obtusis
618 1898 1111 1954 subspathulato-ovatis
1135 1898 1202 1941 vel
1232 1897 1429 1951 oblongis
1456 1898 1664 1952 utrinque
1699 1896 1788 1938 4-5.
1824 1896 1936 1938 foliis

230 1974 383 2017 super.
415 1960 641 2004 diminutis
664 1960 891 2002 sessilibus
917 1958 1098 2000 brevius
1124 1956 1325 2009 dentatis,
1352 1956 1556 2011 corymbo
1590 1954 1808 1999 terminali
1834 1954 1936 1997 sim-

234 2021 334 2077 plici
359 2021 428 2064 vel
456 2019 707 2073 composito,
723 2017 980 2072 pedunculis
1006 2016 1193 2071 capitulo
1217 2018 1343 2058 ovato
1365 2015 1573 2058 mediocri
1596 2014 1852 2070 aequilongis
1867 2013 1935 2056 vel

234 2079 527 2132 brevioribus,
552 2077 766 2122 involucri
789 2077 940 2119 hirtuli
963 2076 1127 2130 phyllis
1152 2074 1319 2118 obtusis
1347 2073 1741 2128 fusco-marginatis
1766 2073 1819 2115 ab
1848 2076 1935 2114 ext.

230 2140 371 2184 ovatis
396 2138 450 2180 ad
478 2137 648 2180 interna
686 2135 867 2189 oblonga
898 2136 1049 2186 auct-is,
1075 2134 1219 2188 ligulis
1242 2134 1352 2176 albis
1384 2134 1523 2177 ovatis
1542 2133 1734 2176 obsolete
1760 2131 1934 2174 trilobis

233 2199 461 2243 involucro
485 2195 824 2250 subaequilongis
859 2200 918 2242 36.

277 2272 382 2308 Hah.
403 2271 451 2308 ad
472 2281 587 2318 rupes
605 2269 777 2316 regionis
808 2268 1030 2315 subalpinae
1051 2270 1090 2304 et
1139 2268 1328 2303 raesertiin
1360 2266 1504 2321 alpinae
1533 2266 1729 2302 montium
1754 2265 1932 2308 Graeciae,

229 2320 435 2356 cacumina
466 2319 620 2355 Parnon
651 2319 690 2353 et
718 2315 893 2351 Kronion
918 2316 1063 2350 montis
1127 2314 1239 2356 alevo
1267 2314 1446 2350 Laconiae
1465 2313 1628 2358 (Heldrl
1645 2313 1764 2359 Orph.
1784 2311 1842 2347 Fi.
1862 2312 1932 2348 Gr.

228 2377 311 2403 εις.
331 2367 425 2410 441),
443 2365 609 2412 Kyllene
628 2362 1060 2407 6000'-7000'(He1dr1),
1078 2361 1295 2397 Parnassus
1319 2362 1357 2396 in
1378 2362 1535 2407 regione
1554 2360 1727 2396 abietinsn.
1755 2362 1793 2396 et
1814 2369 1932 2406 supe-

230 2415 333 2451 riore
354 2414 520 2461 (Sprunl
540 2412 664 2448 Heldr
679 2413 717 2457 l),
738 2420 852 2446 mons
872 2409 1017 2456 Delphi
1035 2409 1180 2445 Eubeae
1199 2408 1370 2453 (Fraus).

291 2487 334 2541 β.
360 2486 518 2539 mayor.
550 2484 704 2528 Caules
727 2483 919 2540 pedales,
949 2482 1048 2526 folia
1071 2482 1248 2537 majora,
1273 2480 1506 2535 corymbos
1536 2480 1815 2534 compositus.

281 2560 382 2595 Hah.
398 2560 439 2595 in
456 2558 636 2594 faucibus
656 2558 802 2594 montis
822 2555 1010 2603 Kyilenes
1029 2565 1151 2603 prope
1167 2554 1331 2591 Trikala
1346 2554 1450 2591 4000'
1470 2553 1659 2600 (Heldrl).

279 2625 435 2670 Species
451 2622 612 2668 elegans
631 2622 681 2658 ab
700 2622 807 2658 affini
825 2621 874 2657 Α.
893 2617 1098 2658 ηῑοεοῆαιᾶ
1116 2619 1349 2656 indumento
1371 2629 1561 2666 pannoso,
1578 2617 1765 2654 foliorum
1783 2618 1936 2654 ambitu

231 2672 419 2707 latiorum
442 2673 478 2706 et
496 2670 723 2706 breviorum
752 2669 905 2704 laciniis
928 2668 1199 2711 crassioribus,
1225 2670 1307 2710 etc,
1336 2666 1533 2702 distincta.
1555 2665 1725 2701 Multum
1747 2665 1876 2701 variat
1889 2675 1937 2701 ex

232 2720 318 2755 loco
343 2718 431 2765 plus
463 2718 595 2752 minus
613 2717 716 2752 elato
749 2718 788 2752 et
813 2717 914 2752 sicco
932 2715 1115 2751 caulibus
1145 2714 1390 2761 2-6-pollices
1409 2716 1447 2749 et
1469 2712 1642 2760 amplius
1659 2711 1802 2758 longis,
1823 2712 1938 2748 folio-

232 2777 319 2802 rum
337 2764 607 2811 magnitudine
626 2767 664 2800 et
680 2764 886 2808 divisione,
901 2762 1084 2808 capitulis
1103 2762 1144 2798 in
1161 2761 1350 2808 corymbo
1371 2761 1459 2798 7-15
1481 2762 1519 2796 et
1535 2760 1653 2796 etiam
1672 2759 1729 2804 (in
1748 2759 1936 2806 Kyllenes

230 2811 631 2904 &acutrisitriefflffxis-lrliiss
665 2813 703 2848 et
729 2810 769 2846 in
797 2810 964 2846 Arcadia
990 2810 1089 2846 inter
1115 2809 1383 2856 Megaspileon
1408 2810 1445 2844 et
1468 2807 1630 2854 Stygem
1655 2807 1842 2843 solitariis
1867 2806 1934 2852 (cl.

259 2870 280 2896 o
298 2871 337 2895 m
399 2870 470 2895 uar
506 2875 517 2894 i
548 2870 559 2894 1
604 2887 610 2893 .
634 2887 640 2893 .

293 2982 364 3022 59.
398 2980 457 3023 A.
490 2978 868 3023 ambrosiana
894 2977 1068 3033 (Boiss.
1095 2981 1138 3021 et
1165 2977 1315 3021 Heldr.
1350 2978 1500 3032 Diagn.
1537 2977 1630 3021 Ser.
1654 2978 1709 3030 ΙΙ,
1734 2977 1773 3029 3,
1798 2990 1838 3032 p.
1871 2977 1937 3025 19,
