2095 3206
245 209 316 246 198
969 219 1214 245 composrrAE.
1810 209 1946 246 Inula.

246 292 425 347 pumilis
464 302 655 345 superne
690 290 930 333 dichotome
969 289 1252 344 corymbosis,
1292 292 1405 334 foliis
1444 291 1708 334 radicalibus
1747 289 1954 344 oblongo-

248 350 507 404 spathulatis
535 349 846 391 obtusiusculis
879 349 1118 391 crenulatis
1153 349 1198 390 in
1237 350 1443 403 petiolum
1484 351 1660 403 longum
1694 350 1950 401 attenuat-is,

247 409 450 463 capitulis
488 409 648 461 Sirpius
689 407 815 459 longe
861 408 1165 462 pedunculatis
1209 408 1438 451 discoideis
1483 408 1698 452 obconicis
1740 408 1833 450 basi
1879 409 1950 449 1-2

245 467 434 510 bracteis
459 467 697 508 linearibus
720 478 768 507 ea
792 467 1012 509 interdum
1037 467 1348 521 superantibus
1368 480 1482 521 saepe
1500 468 1712 521 suffultis,
1732 466 1951 509 involucri

243 526 405 581 phyllis
427 525 649 579 adpressis
674 525 727 566 ab
753 525 1037 568 inferioribus
1063 526 1201 567 ovatis
1225 526 1278 567 ad
1303 527 1457 569 intima
1480 527 1663 568 linearia
1694 528 1820 569 acuta
1852 537 1951 568 sen—

247 586 330 627 sim
354 585 506 635 auctis,
527 584 717 626 aeheniis
740 583 968 637 puherulis
1006 590 1065 632 26.
1093 584 1127 626 I.
1156 583 1425 627 multicaulis
1453 585 1591 628 Boiss.
1624 585 1778 639 Diagn.
1806 583 1900 626 Ser.
1918 584 1952 638 Ι,

246 645 285 685 4.
314 658 353 697 p.
384 644 408 684 3
435 656 520 685 non
546 643 684 685 Fisch.

295 718 384 752 Hah
420 718 457 752 in
479 717 724 762 rupi-stribus
742 717 792 752 ad
812 717 1043 763 Hierapolin
1063 717 1187 752 Cariae
1204 718 1384 763 (Boissl),
1404 719 1445 754 in
1463 720 1594 754 monte
1612 718 1775 754 Budrun
1791 718 1950 754 Pisidiae

241 765 346 800 4000‘
365 765 524 807 (Heldrl
537 778 553 805 l,
575 765 707 800 Tauro
724 765 881 800 Cilicico
901 764 992 810 (ΚΥ.
1012 764 1119 810 1991)
1138 765 1199 800 Fl.
1218 766 1309 801 Jun.

292 826 565 874 Semipedalis‚
593 828 688 863 folia
717 828 773 863 eis
809 829 1028 874 specierum
1058 829 1234 864 affinium
1261 830 1442 865 tenuiora
1468 840 1638 876 superne
1666 829 1952 874 glabreseentia

242 873 394 927 inferne
423 874 609 929 elevatiin
639 875 854 920 reticulata,
879 876 1012 911 caules
1030 876 1086 912 eis
1106 876 1281 912 affinium
1302 877 1433 912 minus
1452 878 1583 919 crassi,
1603 876 1778 924 capitula
1796 876 1951 913 minora

242 930 371 966 magis
389 931 535 957 comca.

305 1038 374 1079 34.
413 1036 456 1078 Ι.
491 1036 847 1082 limonifolia
894 1038 1052 1095 (Sibth.
1097 1039 1161 1081 Fl.
1208 1038 1284 1082 Gr.
1321 1040 1396 1092 IX.
1441 1052 1482 1093 p.
1519 1041 1589 1090 50,
1630 1039 1715 1082 tab.
1744 1040 1828 1082 865
1867 1040 1950 1083 sub

243 1095 440 1149 Gonyzd)
466 1097 786 1139 sufsrntescens
814 1099 1025 1151 adpre-sse
1048 1098 1725 1147 cinerascenti-cana,rhizomate
1752 1098 1949 1153 elongato

241 1156 439 1208 vestigiis
465 1156 727 1210 petiolorum
752 1158 924 1208 vestito,
967 1158 1076 1200 soliis
1114 1157 1409 1210 integerrimis
1442 1157 1706 1200 iadicalibus
1737 1158 1876 1202 ovatis
1906 1161 1949 1201 et

244 1214 711 1268 oblongo-spatlnilatis
733 1215 902 1258 obtusis
920 1217 962 1258 in
983 1215 1191 1270 petiolum
1209 1216 1404 1258 breviter
1420 1217 1487 1260 vel
1511 1216 1683 1270 longius
1702 1216 1950 1269 attenuatis,

242 1273 440 1316 caulibus
493 1274 677 1316 ramosis
716 1275 1364 1329 sulicorymboso-pam'culatis,
1403 1276 1605 1327 capitulis
1645 1275 1949 1330 pedunculatis

241 1332 648 1387 subsessilibusque
675 1333 1017 1387 hemisphaericis
1039 1334 1270 1376 diseoideis
1293 1334 1384 1377 basi
1410 1335 1523 1376 soliis
1551 1334 1950 1389 lineari-spathula-

242 1392 299 1433 tis
328 1404 379 1433 ea
413 1393 690 1448 inquantihus
728 1404 841 1446 saepe
882 1394 1127 1445 bracteatis,
1165 1393 1383 1436 involucri
1423 1393 1518 1435 cani
1559 1394 1719 1448 phyllis
1756 1394 1948 1436 soliaceis

242 1450 484 1495 linearibus
523 1451 692 1494 obtusis
723 1452 1231 1506 squamoso-patentibus
1256 1452 1550 1496 exterioribus
1583 1451 1949 1495 subbrevioribus

241 1509 409 1553 intimis
435 1511 642 1554 scariosis
675 1511 828 1562 acutis⁷
854 1511 1044 1553 acheniis
1065 1511 1373 1564 glabriuseulis
1402 1519 1441 1560 5.
1490 1513 1525 1555 ].
1553 1511 1743 1553 candida
1769 1511 1799 1565 β
1824 1511 1949 1554 limo-

240 1568 406 1621 m‘folia
432 1584 513 1613 nc.
542 1570 694 1612 Prodr.
723 1570 772 1620 V,
797 1583 836 1624 p.
862 1571 948 1612 464
975 1582 1027 1611 ex
1050 1574 1185 1624 parte.

292 1653 392 1689 Hah.
412 1654 461 1689 ad
481 1664 598 1701 rupes
620 1655 838 1690 maritimas
870 1654 994 1689 Cretae
1021 1653 1180 1698 (Siebl).
1201 1653 1252 1689 ad
1271 1653 1477 1689 Kissamos
1502 1652 1668 1690 Kastelli
1685 1653 1874 1700 (Heldrl)‚
1897 1654 1946 1689 ad

241 1711 366 1747 prom.
385 1701 596 1737 Grabousa
614 1701 728 1745 (Raul
743 1703 781 1746 !),
799 1701 1038 1747 Cycladibus
1055 1703 1121 1745 (ex
1139 1701 1252 1746 Urv.)
1270 1700 1326 1737 Fl.
1345 1701 1367 1736 J
1373 1712 1438 1736 un.

289 1773 469 1809 Truncus
499 1773 809 1820 praffleedentihus
841 1773 997 1818 longior
1026 1773 1248 1816 evidentius
1279 1773 1504 1816 frutescens,
1534 1772 1667 1809 caules
1694 1773 1855 1821 pedales
1883 1773 1951 1809 vei

241 1820 452 1861 breviores,
471 1821 564 1857 folia
582 1820 741 1856 caulina
758 1821 814 1856 eis
832 1821 1010 1856 affinium
1028 1821 1188 1866 majora.
1208 1820 1416 1856 Involucro
1433 1830 1644 1867 squarroso
1664 1821 1843 1868 insignis,
1860 1819 1947 1856 nul-

240 1866 302 1902 los
320 1868 508 1904 transitus
526 1879 616 1904 cum
635 1867 664 1904 I.
683 1865 859 1904 candidat*
879 1867 943 1903 vel
962 1867 1219 1915 heterolepz'de
1239 1868 1466 1903 observavi.

839 1998 961 2041 SEc'r.
998 1998 1072 2041 [il.
1105 1995 1366 2040 CUPULAfflA.

304 2125 374 2166 35.
408 2123 447 2166 1.
480 2123 722 2166 viscosa
755 2124 822 2178 (L.
858 2123 931 2177 Sp.
964 2123 1073 2165 1209
1102 2122 1184 2165 suh
1222 2122 1461 2176 Ere’yeron')
1502 2122 1595 2163 basi
1631 2120 1949 2164 suffruteseens

241 2185 427 2226 dumosa
451 2182 846 2236 glanduloso-hirta
874 2182 1039 2224 viscosa
1067 2182 1339 2236 graveolens,
1364 2182 1563 2223 caulibus
1589 2180 1742 2234 rigidis
1770 2181 1951 2235 panicu-

239 2242 549 2294 lato-ramosis,
578 2242 692 2283 foliis
726 2241 975 2284 lanceolatis
1008 2241 1238 2283 sessilibus
1267 2241 1359 2282 basi
1384 2239 1686 2283 biauriculatis
1712 2239 1881 2281 minute
1906 2242 1951 2282 et

239 2305 407 2344 remote
431 2300 724 2350 denticulatis,
755 2300 956 2355 capitulis
981 2300 1127 2353 parvis
1152 2299 1458 2355 pedunculatis
1485 2300 1530 2341 in
1553 2298 1798 2353 paniculam
1831 2309 1949 2341 race-

239 2372 405 2403 mosam
435 2360 628 2402 strictam
653 2360 890 2412 dispositis,
916 2359 1131 2401 involucri
1154 2358 1298 2412 pallidi
1320 2359 1402 2401 snb
1424 2358 1539 2401 lente
1564 2356 1768 2411 pubet-uli
1788 2356 1947 2410 phyllis

240 2418 294 2462 ab
321 2419 516 2462 externis
544 2418 737 2461 breviter
764 2418 961 2470 oblongis
989 2417 1284 2460 obtusis-simi:
1313 2417 1362 2459 ad
1403 2417 1615 2460 interiora
1642 2415 1825 2458 linearia
1850 2428 1948 2458 sen-

241 2479 326 2520 sim
366 2478 520 2531 auctis,
562 2478 704 2531 ligulis
743 2477 892 2531 paucis
916 2477 1144 2520 involucro
1180 2476 1251 2517 vix
1280 2474 1720 2530 sesquilongioribus‚
1756 2474 1948 2517 acheniis

240 2537 427 2579 hirsutis
453 2543 488 2584 ᾗ.
517 2538 552 2579 Ι.
582 2536 753 2578 viscosa
776 2536 860 2578 Ait.
887 2537 992 2578 Kew
1022 2559 1079 2566 —
1114 2534 1319 2588 Solidayo
1349 2534 1521 2577 viscosa
1552 2535 1671 2577 Lam.
1698 2533 1760 2575 Fl.
1790 2533 1858 2575 Fr.
1892 2532 1949 2586 II,

243 2597 340 2638 144.
361 2620 413 2627 -
440 2595 496 2638 Ic.
520 2596 638 2650 Jacq.
660 2595 845 2638 Vindob.
869 2595 920 2641 ΙΙ,
943 2595 1029 2638 tab.
1050 2597 1145 2638 165.
1171 2619 1221 2625 —
1246 2593 1434 2637 «Iasonia
1448 2593 1673 2650 ylutinosa
1689 2605 1769 2635 n.c.
1794 2591 1948 2635 Prodr.

239 2654 335 2706 VII,
359 2668 402 2710 p.
427 2656 511 2697 285
536 2655 678 2710 quoad
704 2655 760 2708 pl.
788 2654 1072 2697 Orientalem!

291 2729 388 2765 Hab.
416 2730 466 2765 ad
484 2730 591 2766 rivos
611 2729 784 2775 regionis
801 2728 1010 2770 inferioris,
1028 2727 1122 2764 Pelo
1151 2737 1325 2763 onnesus
1350 2728 1389 2763 et
1406 2725 1597 2771 Cyclades
1615 2724 1774 2770 (Simu,
1791 2724 1953 2770 Auchi),

238 2777 369 2813 Attica
392 2776 441 2813 ad
466 2777 624 2813 llissum
644 2776 786 2821 (Heldr
799 2778 837 2820 !)‚
856 2775 1087 2811 Macedonia
1104 2776 1120 2818 (
1142 2775 1263 2819 'rivl),
1287 2774 1521 2820 Byzantium
1540 2772 1703 2818 (Casti),
1720 2770 1949 2817 Zacynthus

241 2824 373 2870 (Marg
385 2826 426 2869 ἱ),
444 2825 559 2870 Syria
576 2824 625 2859 ad
642 2823 922 2860 Alexandrette
943 2821 1171 2867 (Hausskl).
1190 2832 1311 2869 prope
1328 2821 1513 2856 Sidonem
1533 2823 1572 2856 et
1590 2820 1693 2855 inter
1708 2820 1949 2855 Damascum

239 2876 278 2907 et
296 2871 479 2908 Salehieh
499 2871 674 2916 (Gauii),
690 2871 888 2906 Pales-tina
906 2870 957 2905 ad
973 2869 1294 2915 Hierosolymam
1313 2868 1474 2913 (Bovelj
1492 2867 1550 2902 Fi.
1574 2869 1663 2902 Aut.

214 2932 217 2934 ⁵
287 2945 351 2980 Ar.
372 2945 510 2990 (ἶσοι-9.
531 2944 652 2990 Regio
668 2944 951 2980 Mediterranea
966 2942 1135 2989 Europae
1148 2941 1228 2978 fere
1242 2942 1363 2977 totius
1377 2942 1416 2977 et
1430 2940 1570 2975 Africae
1586 2937 1949 2982 borealis,Madera‚

239 2992 385 3028 insulae
403 2992 673 3028 Canarienses.
