2090 3291
270 230 346 268 580
1004 238 1250 266 composrrAE.
1801 231 1967 269 Jurinea
1976 260 1983 267 .

322 309 427 346 Hab.
448 309 489 344 in
508 308 672 356 planitie
691 307 828 344 Ardell
852 308 1013 344 ditionis
1032 309 1254 347 Bachtiaris
1274 310 1417 346 Persiae
1435 310 1553 346 occid.
1573 311 1805 356 (Hausskl).

322 371 492 417 Pednlis‚
511 371 608 408 folia
625 371 779 408 caulem
804 371 1040 408 densissime
1065 373 1291 419 obtegentia
1316 373 1599 421 erecto-patula
1620 374 1806 411 inferiora
1825 374 1990 423 tripolli-

273 421 380 457 caria
403 420 426 455 9
443 419 513 455 lin.
535 419 624 463 lata,
647 418 866 466 capitulum
884 429 1078 466 magnum
1097 419 1129 456 J.
1150 420 1466 468 macroceplzaloe
1491 432 1513 457 a
1541 424 1619 468 qua
1645 421 1796 469 phyllis
1819 424 1989 460 externis

272 466 510 504 tomentosis
529 466 685 502 muticis
704 466 847 502 eximie
869 466 1016 513 differt;
1034 467 1243 504 achenium
1261 469 1283 504 4
1304 469 1345 514 Ὗ,
1367 468 1433 504 lin.
1455 468 1632 514 longum.

335 593 403 635 32.
437 592 482 635 J.
518 591 890 635 multicaulis
924 591 1025 647 (nc.
1052 593 1208 636 Prodr.
1238 592 1309 644 VI,
1338 606 1377 647 p.
1407 593 1513 648 674)
1548 605 1675 647 parce
1700 595 1987 637 arachnoidea

274 652 344 694 vel
364 652 662 705 glabrescens,
690 651 890 694 caulibus
915 652 1049 695 dense
1073 652 1239 694 fohosis
1264 664 1391 706 parce
1414 653 1616 705 ramosis,
1643 652 1753 696 foliis
1778 653 1989 696 lanceola-

271 711 329 754 tis
357 711 496 753 acutis
537 709 630 752 basi
665 709 1121 753 cordato-auriculatis
1155 711 1340 754 summis
1376 711 1501 754 valde
1539 711 1767 755 diminutis
1799 713 1988 767 capitulo

271 769 601 825 approximat-is,
644 769 846 822 capitulis
890 769 1185 813 mediocribus
1229 770 1383 821 ovatis,
1420 771 1636 814 involucri
1676 770 1989 824 glabrescentis

273 829 435 884 phyllis
452 828 701 871 lanceolatis
721 828 1010 871 subcarinatis
1026 830 1183 872 erectis
1202 842 1291 872 non
1309 829 1534 883 adpressis
1550 830 1746 872 externis
1764 830 1988 873 herbaceis

273 888 562 941 longiusculis
585 888 629 929 in
658 888 828 942 spinam
849 887 1164 942 longiusculam
1183 888 1461 940 abeuntibus,
1483 889 1671 932 internis
1697 890 1821 943 longe
1845 890 1989 943 cuspi-

271 947 384 990 datis
408 947 482 990 vix
512 946 807 1001 pungentibus
833 947 1027 991 flosculis
1051 948 1210 990 triente
1236 947 1528 1000 brevioribus,
1557 948 1823 1001 acheniis..⁴‚
1847 961 1987 1002 pappo

271 1007 396 1061 longo
425 1007 627 1061 plumoso
666 1012 728 1054 26.

316 1080 418 1117 Hab.
437 1080 477 1116 in
505 1080 640 1116 Persia
668 1079 753 1116 loco
783 1091 861 1116 non
891 1082 1026 1116 notato
1045 1080 1188 1125 (Auch.
1213 1080 1355 1126 35053),
1375 1081 1414 1117 in
1444 1081 1645 1128 argillosis
1668 1080 1784 1117 vallis
1811 1080 1987 1128 Talagon

269 1128 416 1164 montis
435 1127 581 1163 Elbrus
603 1127 695 1173 (Ky.
714 1128 802 1164 5101
821 1127 897 1163 sub
918 1127 951 1164 J.
972 1126 1314 1175 macrocephald).

318 1194 458 1230 Affinis
477 1192 514 1229 J.
535 1192 853 1240 macrocephaloe
871 1193 941 1229 sed
963 1193 1226 1240 glabrescens,
1248 1192 1421 1240 capitula
1440 1193 1562 1241 duplo
1581 1194 1749 1229 minora.

333 1318 401 1359 33.
435 1316 481 1359 J.
517 1315 848 1368 salicifolia‚
874 1315 1137 1359 brevissime
1161 1320 1202 1358 et
1227 1328 1352 1370 parce
1379 1316 1607 1370 puberum,
1626 1316 1826 1360 caulibus
1853 1316 1987 1359 dense

270 1376 437 1419 foliosis
470 1375 810 1430 monocephalis‚
845 1375 958 1418 foliis
994 1375 1222 1418 latiuscule
1258 1375 1689 1418 lineari-lanceolatis
1722 1376 1861 1419 acutis
1896 1375 1988 1417 basi

271 1434 729 1478 cordato-auriculatis
768 1447 945 1478 sursum
975 1434 1202 1477 diminutis
1231 1435 1415 1477 summis
1450 1434 1722 1478 brevissimis
1750 1434 1985 1488 capitulum

272 1494 616 1546 bracteantibus,
645 1494 835 1548 capitulo
872 1494 1143 1547 longiusculo
1177 1493 1396 1545 obconi00‚
1429 1494 1646 1537 involucri
1672 1493 1988 1548 glabrescentis

270 1554 434 1609 phyllis
462 1554 712 1596 lanceolatis
739 1554 963 1607 adpressis
996 1553 1291 1607 pungentibus
1326 1553 1378 1595 ab
1402 1553 1596 1595 externis
1623 1552 1906 1606 longiusculis
1933 1552 1984 1594 ad

270 1614 445 1656 interna
464 1612 660 1655 flosculis
678 1613 838 1655 triente
860 1612 1061 1655 breviora
1082 1612 1245 1655 sensim
1265 1613 1416 1665 auctis,
1434 1612 1682 1663 acheniis...‚
1702 1624 1842 1667 pappo
1862 1612 1986 1665 longo

270 1673 472 1727 plumoso
507 1678 566 1720 26.

318 1746 420 1782 Hab.
435 1746 474 1781 in
490 1745 659 1782 collibus
676 1745 713 1780 la
745 1745 867 1781 idosis
883 1745 931 1781 ad
947 1745 1182 1781 Karahissar
1196 1745 1456 1792 Cappadociae
1474 1748 1511 1782 et
1521 1745 1644 1781 Tauri
1659 1744 1808 1781 Cilicici
1824 1745 1863 1780 in
1880 1744 1984 1780 valle

267 1793 620 1839 Bulgharmaaden
639 1794 655 1838 ζ
659 1793 714 1828 Ba
736 1822 742 1827 .
762 1803 842 1829 exs.
861 1792 937 1829 sub
954 1794 988 1829 J.
1009 1791 1367 1840 macroceplzalcis).

315 1865 458 1900 caules
488 1864 820 1912 7-12-pollicares,
849 1864 944 1900 folia
972 1865 992 1900 1
1025 1866 1066 1909 Ἰ,
1094 1864 1278 1912 pollicem
1310 1865 1430 1911 longa
1460 1865 1524 1901 4-5
1555 1864 1682 1900 lineas
1712 1864 1809 1908 lata,
1843 1863 1985 1911 phylla

269 1913 481 1949 latiuscula
510 1915 548 1949 et
577 1915 735 1948 externa
767 1912 1019 1958 longiuscula
1039 1911 1072 1949 J.
1094 1911 1410 1960 macrocephaloe
1440 1923 1510 1959 pro
1540 1915 1619 1958 qua
1645 1921 1728 1947 eam
1763 1911 1886 1947 habui
1916 1911 1982 1947 sed

267 1960 399 1996 differt
429 1960 612 1996 caulibus
645 1960 945 2007 monocephalis
978 1963 1014 1996 et
1042 1960 1228 2007 capitulis
1259 1960 1436 2004 ejusdem
1467 1959 1729 2005 longitudinis
1759 1958 1827 1995 sed
1861 1958 1983 2006 duplo

267 2007 567 2053 angustioribus
587 2007 674 2043 basi
692 2007 918 2043 attenuatis.
938 2006 1190 2043 Involucrum
1209 2007 1286 2043 fere
1305 2007 1625 2054 sesquipollicem
1641 2006 1817 2052 longum.

326 2131 394 2173 34.
428 2131 474 2173 J.
510 2130 832 2174 Cataonica
864 2130 1027 2186 (Boiss.
1062 2134 1104 2174 et
1138 2130 1357 2185 Haussk.)
1391 2142 1627 2173 canescens
1665 2131 1733 2174 vel
1771 2130 1982 2184 glabrata,

264 2190 463 2233 caulibus
488 2189 826 2233 ascendentibus
850 2190 1122 2244 simplicibus
1143 2190 1208 2233 vel
1227 2201 1356 2245 parce
1380 2189 1567 2232 ramosis
1584 2190 1705 2244 apice
1724 2189 1982 2244 corymbose

264 2253 306 2293 et
332 2249 528 2292 breviter
552 2249 838 2303 2-7-cephalis
863 2250 1084 2304 ramisque
1109 2249 1244 2292 dense
1269 2249 1446 2301 foliosis,
1470 2248 1584 2292 foliis
1608 2248 1858 2292 lanceolatis
1881 2261 1981 2292 acu-

264 2310 319 2351 tis
347 2308 531 2351 deflexis
560 2308 652 2351 basi
678 2308 1221 2352 subcordato-auriculatis
1245 2309 1406 2351 rameis
1434 2307 1560 2351 valde
1587 2308 1818 2351 diminutis
1845 2308 1981 2350 linea-

263 2368 405 2418 ribus,
421 2367 624 2423 capitulis
647 2368 735 2410 basi
758 2381 807 2410 su
817 2367 975 2411 bnudis
994 2367 1419 2421 oblongo-obconicis
1438 2366 1747 2419 mediocribus,
1766 2366 1980 2410 involucri

265 2427 358 2470 cani
376 2427 536 2482 phyllis
549 2427 773 2481 adpressis
789 2427 946 2470 eximie
962 2427 1202 2470 imbricatis
1222 2426 1512 2470 subcarinatis
1529 2426 1722 2469 breviter
1737 2425 1980 2480 spinuloso-

263 2486 501 2530 attenuatis
531 2485 584 2528 ab
610 2486 773 2528 intimis
809 2486 1084 2529 brevissimis
1115 2486 1461 2539 triangularibus
1486 2485 1538 2528 ad
1566 2485 1715 2528 intima
1742 2485 1979 2528 lanceolata

263 2546 458 2589 flosculis
475 2545 610 2600 duplo
633 2546 839 2589 breviora
857 2546 1022 2588 sensim
1045 2545 1199 2597 auctis,
1218 2545 1409 2588 acheniis
1435 2545 1575 2598 longis
1592 2544 1775 2588 laevibus
1793 2544 1979 2593 uncatis,

263 2617 405 2660 pappo
432 2605 633 2660 plumoso
661 2605 841 2648 achenio
869 2604 1087 2660 subtriplo
1115 2604 1309 2658 longiore
1348 2610 1407 2651 κ.

310 2678 409 2714 Hab.
430 2678 470 2714 in
487 2678 610 2714 Tauri
619 2678 821 2715 Cataonici
837 2678 1041 2714 montibus
1058 2677 1249 2724 Begdagh
1265 2681 1303 2714 et
1319 2677 1568 2724 Baltandagh
1579 2688 1700 2725 supra
1710 2677 1875 2713 Malatia
1887 2676 1976 2713 etin

264 2726 503 2772 graminosis
521 2725 749 2772 Scherdagh
765 2726 993 2771 (Hausskl).
1013 2725 1070 2761 Fl.
1089 2727 1178 2771 Aug

310 2789 453 2825 Caules
474 2788 646 2836 pedales.
672 2790 768 2825 folia
788 2789 1022 2826 intermedia
1046 2789 1112 2826 2-2
1131 2790 1171 2832 ²s2
1201 2788 1294 2836 poll.
1317 2789 1437 2835 longa
1455 2788 1521 2824 4-6
1538 2789 1665 2824 lineas
1692 2788 1784 2833 lata,
1803 2786 1974 2834 capitula

260 2837 338 2872 fere,
358 2836 660 2884 Chamoepeuces
679 2837 766 2873 basi
793 2837 1082 2873 subattenuata.
1122 2838 1155 2873 A
1178 2836 1209 2872 J.
1231 2835 1457 2873 multicauli
1483 2839 1521 2872 et
1538 2832 1846 2883 maerocepkald
1865 2835 1977 2870 invo-

260 2884 359 2920 lucri
379 2884 529 2931 phyllis
549 2884 600 2920 ab
619 2885 790 2920 externis
810 2885 1058 2921 brevissimis
1077 2884 1128 2921 ad
1146 2885 1288 2920 intima
1307 2884 1453 2920 sensim
1473 2883 1665 2930 elongatis
1685 2883 1878 2918 distincta.

319 3008 389 3048 35.
422 3007 467 3049 J.
495 3007 806 3051 ramulosa
832 3007 992 3061 (Boiss.
1017 3010 1059 3050 et
1082 3006 1293 3062 Haussk.)
1322 3009 1579 3060 tomentosa‚
1600 3006 1799 3050 caulibus
1824 3016 1974 3048 ascen-
