2090 3291
261 264 331 300 660
989 260 1238 286 composrrAE.
1723 251 1944 289 Centaurea
1956 279 1962 286 .

263 346 305 389 C.
328 338 625 442 νεοῑινῑτῖἓῖςῑ.
647 337 765 379 Koch
791 334 911 377 Linn.
938 334 1007 375 24.
1032 345 1070 386 p.
1096 333 1180 374 4⁶28
1204 334 1362 387 (forma
1385 333 1547 387 minor)
1570 336 1611 375 et
1641 332 1679 375 G.
1702 332 1904 386 alhz'flora
1923 333 1965 377 C,

262 406 394 456 Κοοίι,
424 415 465 455 p.
594 432 600 438 .

309 475 412 511 Hab.
442 474 481 508 in
508 472 641 506 monte
666 465 892 512 Berytdagh
920 465 1120 500 Cataoniae
1149 463 1253 499 7000'
1280 463 1508 509 (Haussk!)‚
1527 463 1775 511 Cappadocia
1799 466 1838 500 in
1863 466 1967 501 valle

265 520 483 565 Kamechly
521 518 643 554 Tcha'i
677 520 714 551 et
749 514 797 549 ad
829 514 1050 548 Caesaream
1078 511 1178 556 (Bal.
1215 514 1300 546 exs!
1331 511 1405 546 sub
1437 510 1474 547 C.
1499 511 1754 557 erynqz'oz'de),
1781 513 1969 548 Armenia

263 569 402 615 (Auch.
421 567 532 603 3137!
552 565 595 599 C.
617 562 725 597 Koch
739 563 776 605 l),
796 570 916 606 prope
939 559 1125 594 Erzerum
1145 558 1290 603 (Huetl
1311 558 1455 602 Calvi).
1479 568 1600 604 prope
1619 558 1766 593 Baibut
1783 560 1967 606 (Bourgll

261 622 298 653 et
316 613 519 652 Gumusch
546 611 682 646 Khane
701 608 862 652 (Tchihl
889 607 1015 641 forma
1039 606 1271 640 indumento
1298 606 1426 650 magis
1447 606 1665 651 adpresso),
1695 606 1967 652 Paphlagonia

261 668 296 700 et
314 662 471 699 Galatia
492 658 620 704 (Wied
636 659 673 701 ἔ),
696 658 736 690 in
759 655 852 690 Asia
869 653 1013 688 minori
1033 652 1262 688 occidentali
1281 653 1455 697 (Auen),
1477 652 1624 688 ditione
1639 653 1967 690 Transcaucasica

263 709 473 754 lx'aradagh
493 709 530 742 et
547 705 683 741 Persia
701 702 850 738 boreali
870 700 1021 746 (Buhse
1040 700 1180 735 Enum.
1200 699 1275 734 sub
1297 699 1333 735 C.
1351 699 1578 747 erynffl'oz'de
1596 702 1633 735 et
1655 698 1848 745 Persz'cd).

311 774 451 810 Planta
475 767 775 816 sesquipedalis,
794 765 942 808 saepius
962 763 1115 810 pedalis
1135 766 1171 799 et
1191 763 1392 799 humilior.
1416 763 1570 810 Species
1599 763 1750 807 habitu,
1776 765 1965 811 capitulo-

260 832 345 858 rum
373 817 662 865 magnitudine,
688 813 895 849 involucro
926 811 962 847 C.
987 811 1211 858 erynyz‘oz'dz'
1232 821 1301 857 pro
1325 813 1403 857 qua
1427 821 1512 846 eam
1546 811 1612 846 diu
1640 811 1762 846 habui
1788 813 1965 858 proxime

261 869 387 905 affinis
414 871 451 902 et
477 870 519 900 ut
544 874 587 899 ea
612 862 737 908 spinis
765 860 960 895 involucri
988 859 1078 905 plus
1106 858 1237 893 minus
1266 858 1413 893 validis
1437 861 1475 893 et
1499 858 1630 903 longis
1660 859 1831 898 varians,
1853 859 1903 894 ab
1921 864 1964 895 ea

260 920 392 951 tamen
406 914 456 950 ob
473 911 617 948 collum
634 918 788 954 semper
801 907 951 942 nudum
968 911 1005 941 et
1020 906 1339 941 distributionem
1355 905 1656 952 geographicam
1671 905 1962 951 distinguenda.

322 1046 414 1087 100.
442 1043 497 1086 C.
528 1037 954 1084 thrinciaefolia
988 1036 1087 1091 (nc.
1118 1035 1270 1078 Prodr.
1302 1035 1394 1087 VII,
1421 1050 1460 1090 p.
1492 1037 1593 1087 590)
1621 1037 1790 1078 inferne
1817 1039 1964 1091 patule

256 1106 383 1155 hirta,
421 1103 543 1145 caule
581 1103 724 1141 erecto
753 1096 1128 1150 angulalo-striato
1168 1106 1298 1150 parce
1336 1107 1524 1147 ramoso,
1567 1095 1678 1137 foliis
1714 1097 1755 1138 in
1790 1096 1964 1139 lacinias

259 1167 440 1217 anguste
464 1162 652 1203 lineares
678 1156 990 1210 pinnatisectis‚
1018 1155 1219 1209 capitulis
1245 1154 1497 1207 majusculis
1520 1153 1724 1207 globosis,
1752 1156 1964 1198 involucri

260 1220 542 1276 glabr-iusculi
572 1216 733 1272 phyllis
758 1215 897 1257 ovatis
929 1214 1123 1265 margine
1151 1214 1346 1255 breviter
1380 1213 1770 1267 pectinato·ciliatis
1798 1216 1840 1256 in
1878 1215 1964 1270 spi-

258 1293 356 1324 nam
382 1285 557 1322 tenuem
584 1274 961 1331 patulo-reflexam
990 1273 1137 1326 phyllo
1159 1272 1447 1326 aequilongam
1478 1273 1544 1314 vel
1573 1273 1962 1327 sesquilongiorem

258 1334 711 1390 abeuntibus‚intimis
731 1334 850 1388 apice
866 1331 1069 1375 scariosis
1083 1331 1326 1375 inermibus
1344 1331 1792 1385 pectinatis,ssosculis
1810 1333 1963 1385 roseis,

257 1398 445 1442 acheniis
468 1394 717 1451 Junioribus
745 1392 913 1434 villosis
951 1397 1009 1438 26.

305 1471 406 1507 Hab.
433 1471 472 1505 in
498 1466 746 1515 Cappadocia
771 1465 819 1501 ad
845 1463 1087 1511 Euphratem
1113 1462 1252 1508 (Auch.
1281 1462 1427 1508 31481),
1459 1464 1497 1498 in
1529 1466 1661 1499 monte
1693 1463 1815 1499 Gebel
1848 1463 1964 1500 Belas

257 1519 399 1555 deserti
415 1517 564 1563 Syriaci
581 1515 628 1551 ad
649 1513 878 1559 Palmyram
894 1511 959 1557 (Bl
975 1513 1012 1556 t).

304 1582 539 1618 Indumento
559 1581 596 1615 et
613 1576 905 1613 characteribus
924 1574 1041 1610 valde
1063 1574 1190 1610 affinis
1210 1574 1347 1609 formis
1363 1574 1536 1609 breviter
1555 1577 1591 1609 et
1610 1575 1776 1610 tenuiter
1794 1575 1964 1622 spinosis

261 1630 296 1666 C.
320 1626 606 1674 cardm'formis
631 1635 654 1660 a
674 1627 752 1671 qua
776 1623 907 1659 differt
931 1621 1119 1658 foliorum
1138 1621 1302 1657 laciniis
1328 1622 1551 1667 angustatis
1578 1625 1615 1656 et
1646 1622 1841 1657 involucri
1864 1621 1964 1657 ciliis

261 1677 449 1713 brevibus
472 1675 522 1710 ad
546 1675 695 1720 apicem
722 1671 953 1718 phyllorum
983 1672 1135 1705 tantum
1162 1668 1292 1704 obviis
1318 1678 1386 1703 nec
1417 1670 1584 1715 copiosis
1611 1669 1738 1715 phylli
1766 1669 1963 1705 latitudini

257 1722 583 1770 subaequilongis.
603 1720 776 1755 Ulterius
801 1716 1096 1754 observandum
1116 1726 1166 1751 an
1187 1716 1323 1751 formae
1343 1716 1583 1751 intermedia}
1606 1716 1749 1751 adsint.

318 1854 414 1895 101.
437 1852 491 1895 C.
510 1849 752 1893 Persica
774 1846 934 1902 (Boiss.
963 1845 1115 1898 Diagn.
1140 1844 1234 1888 Ser.
1259 1845 1291 1897 Ι,
1315 1845 1355 1896 6,
1382 1857 1422 1898 p.
1458 1845 1557 1900 132)
1579 1845 1741 1898 glabra,
1765 1846 1962 1890 caulibus

254 1912 435 1965 virgatis
459 1909 731 1963 simplicibus
759 1907 825 1948 vel
847 1917 976 1961 parce
996 1905 1180 1946 ramosis
1211 1904 1513 1958 1·3·cephalis‚
1542 1904 1654 1946 foliis
1680 1905 1962 1949 inferioribus

255 1972 378 2024 longe
420 1969 636 2024 petiolatis
681 1966 882 2009 indivisis
929 1965 1123 2016 oblongis
1172 1963 1238 2005 vel
1282 1963 1433 2016 lyratis
1484 1967 1705 2016 segmento
1745 1965 1961 2008 terminali

255 2031 437 2083 oblongo
476 2028 729 2080 subintegro
762 2023 1013 2067 lateralibus
1051 2023 1260 2076 utrinque
1298 2023 1368 2064 12
1404 2023 1597 2073 minutis,
1630 2023 1742 2065 soliis
1778 2024 1961 2067 caulinis

255 2089 402 2143 paucis
420 2087 567 2142 parvis
583 2085 814 2129 sessilibus
833 2082 1094 2132 lanceolatis‚
1108 2081 1309 2135 capitulis
1329 2081 1407 2132 maj
1417 2081 1580 2124 usculis
1594 2081 1781 2135 globosis
1798 2082 1962 2136 pedun-

254 2149 360 2189 culis
392 2145 674 2199 longiusculis
702 2143 909 2194 suffultis
940 2140 1155 2183 involucri
1184 2140 1322 2194 glabri
1352 2141 1513 2194 phyllis
1538 2140 1761 2194 adpressis
1790 2141 1962 2184 orbicu-

256 2208 352 2248 latis
378 2205 622 2248 virentibus
653 2203 762 2245 ciliis
797 2201 954 2244 validis
990 2200 1099 2243 albis
1130 2199 1373 2253 pectinatis.
1404 2199 1678 2242 intermediis
1712 2200 1756 2241 in
1791 2200 1959 2254 spinam

254 2267 380 2306 latam
406 2264 730 2307 canaliculatam
759 2260 1026 2315 spinulosam
1054 2261 1438 2312 erecto-patentem
1466 2259 1667 2302 flosculos
1689 2270 1839 2301 roseos
1858 2259 1961 2301 sub-

253 2328 495 2378 {minantem
539 2322 821 2372 abeuntibus,
867 2319 1027 2374 phyllis
1071 2318 1235 2361 intimis
1277 2317 1520 2359 inermibus
1561 2317 1680 2371 apice
1724 2319 1961 2371 pectinato-

255 2383 504 2431 fimbriatis„
541 2381 732 2423 acheniis
772 2378 1002 2434 puberulis
1048 2376 1335 2431 compressis,
1377 2377 1504 2431 pappi
1543 2377 1657 2419 serie
1701 2377 1957 2420 intermedia

254 2443 430 2484 arhenio
456 2440 757 2491 subbreviore‚
783 2439 933 2480 intima
952 2436 1130 2479 achenio
1149 2435 1279 2489 triplo
1305 2435 1508 2477 breviore
1546 2442 1604 2483 26.

302 2515 400 2550 Hab.
430 2516 469 2550 in
502 2515 660 2559 regione
689 2513 825 2559 alpina
853 2511 1047 2546 montium
1082 2509 1227 2545 Persiae
1256 2509 1676 2554 austro-occidentalis⁷
1701 2510 1831 2545 fauces
1859 2509 1960 2557 alpis

257 2563 345 2598 Kuh
363 2563 496 2597 Daena
510 2562 600 2606 (ΚΥ.
610 2561 680 2596 (364
691 2563 725 2605 l),
739 2562 893 2595 montes
905 2558 1070 2603 Sawers,
1086 2558 1181 2600 Nur,
1199 2556 1374 2592 Eschker
1386 2557 1452 2592 alt.
1469 2557 1723 2592 7000’-10000‘
1739 2557 1959 2602 (Haussklj.

301 2624 597 2672 Sesquipedalis
617 2624 679 2660 vel
695 2623 902 2671 bipedalis,
917 2623 1167 2668 segmentum
1183 2621 1364 2668 superius
1379 2620 1662 2668 2-3-pollicare.
1686 2623 1718 2657 A
1740 2621 1779 2657 C.
1801 2621 1959 2658 cardui-

251 2674 378 2720 formz‘
400 2672 594 2719 glabritie‚
620 2671 799 2707 caulibus
822 2669 1048 2716 gracilibus,
1075 2668 1182 2704 foliis
1206 2668 1346 2714 lyratis
1370 2669 1584 2714 segmentis
1604 2669 1853 2716 paucissimis
1881 2669 1960 2704 dis-

254 2722 382 2756 tincta.

320 2840 409 2880 102.
439 2839 491 2882 C.
525 2838 828 2889 Laconica,
852 2848 977 2880 secus
1005 2837 1151 2879 caules
1175 2835 1357 2889 petiolos
1382 2839 1425 2878 et
1451 2836 1649 2879 foliorum
1678 2839 1837 2880 costam
1864 2838 1958 2879 lana

252 2899 443 2940 detersili
464 2897 762 2948 arachnoidea,
781 2896 888 2939 collo
911 2908 999 2938 non
1025 2895 1217 2946 lanifcro‚
1239 2895 1438 2937 caulibus
1463 2896 1613 2949 rigidis
1639 2897 1957 2949 monocephalis

252 2957 317 2999 vel
342 2958 509 2998 inferne
528 2968 655 3011 parce
673 2955 872 3007 ramosis⁷
897 2954 1009 2996 foliis
1038 2955 1248 3007 elongatis
1273 2954 1956 3008 sublyrato-subbipinnatisectis

251 3019 472 3068 segmento
492 3015 705 3057 terminali
736 3018 861 3057 ovato
889 3016 978 3055 t'ere
996 3013 1146 3067 majori
1176 3012 1427 3055 lateralibus
1449 3013 1645 3066 oblongis
1672 3014 1860 3056 dentatis
1887 3015 1955 3057 vel
