2066 3311
94 207 358 245 Podanthum.
766 212 1111 239 CAMPANULACEAE.
1724 200 1793 236 949

94 289 145 333 ad
174 289 296 330 basin
328 287 372 329 in
400 285 576 328 lacinias
612 284 797 327 lineares
836 285 992 338 partita
1029 283 1248 326 multoties
1281 282 1572 333 brevioribus
1611 282 1791 336 capsula

95 346 453 400 ovato-sphaerica
483 345 600 398 poris
628 343 754 397 paulo
779 355 913 396 supra
939 343 1130 385 medium
1151 342 1399 385 dehiscente
1432 348 1492 388 36.

143 420 241 456 Hah.
261 420 302 455 in
321 419 509 454 Armenia
526 416 689 458 Turcica
707 416 906 460 (Toni-112),
933 418 973 452 in
1000 416 1171 452 dumetis
1228 425 1320 461 rope
1346 414 1493 449 Baibut
1522 413 1721 458 (Bourg!),
1752 413 1793 448 in

95 467 295 504 montibus
329 463 664 502 Gumuschkhane
696 463 920 508 (Tabim),
957 464 997 498 in
1031 465 1163 498 monte
1236 461 1414 507 echdagh
1451 471 1570 508 prope
1607 460 1793 496 Erzerum

94 515 217 559 (Huet
231 515 268 558 l),
285 512 391 548 valle
413 511 551 559 Djimil
568 510 682 547 Ponti
701 509 827 546 Lazici
848 510 951 547 6000·
979 510 1102 555 (Huet
1116 511 1152 555 l),
1180 511 1313 545 monte
1336 507 1572 555 Iyldisdagh
1597 507 1793 542 Anatoliae

111 562 240 598 Wied!
264 589 270 595 .

93 565 107 609 <
151 635 194 690 β.
219 563 496 687 Ῑὲοιεεὴῃί.-
511 631 627 675 Folia
645 631 807 674 hirtula
826 630 1094 674 canescentia
1120 631 1299 681 minora,
1321 629 1552 683 superiora
1571 627 1792 670 interdum

91 696 237 739 minus
262 694 489 736 manifeste
514 690 701 734 cordata.
731 714 778 720 —
809 689 1053 743 Pleytemna
1079 687 1287 742 Kotscltyi
1305 688 1444 731 Boiss.
1465 687 1617 740 Diagn.
1645 686 1736 729 Ser.
1760 688 1792 738 I,

94 757 161 808 11,
185 767 225 808 p.
256 754 306 795 71
333 756 375 794 et
396 751 538 803 Camp.
568 748 720 792 Cilicia
752 749 858 791 ibid.
886 763 923 803 p.
957 750 1021 790 77.

138 827 240 863 Hah.
258 827 299 862 in
319 828 451 861 monte
469 822 721 869 Bingoldagh
739 824 936 858 Armeniae
955 823 1047 868 (ΚΥ.
1062 822 1197 869 Suppl.
1213 821 1319 867 6592)
1338 823 1376 856 et
1394 819 1607 866 -Techdagh
1621 820 1794 865 (Huetl)‚

91 873 318 921 Berytdagh
343 872 446 909 6000'
474 869 700 916 (Hausskl),
732 871 873 915 Argaeo
904 870 1164 917 Cappadociae
1196 868 1300 904 GOOO'
1325 867 1467 913 (Ball),
1485 868 1616 903 Tauro
1636 867 1792 902 Cilicico

91 922 182 968 (Ky.
212 921 327 965 335»,
355 919 488 956 Persia
517 916 667 953 boreali
698 917 862 962 (Szovl).
885 917 1107 964 Specimina
1136 916 1375 963 incompleta
1407 925 1454 950 ex
1483 915 1587 950 valle
1615 914 1794 960 Talagon

91 969 235 1005 montis
256 967 399 1004 Elbrus
418 966 560 1001 Persiae
578 964 659 999 bor.
679 964 805 1010 (Kyl),
825 964 899 1000 huc
919 974 1076 1011 quoque
1095 963 1296 999 referenda
1315 962 1509 998 videntur.

151 1063 190 1103 y.
209 1039 644 1094 ,αηριιπῐΐοίιῗηηι-
661 1039 926 1091 Pubescens,
949 1039 1047 1082 folia
1063 1039 1311 1092 angustiora
1335 1038 1532 1090 elongata
1559 1037 1791 1078 lanceolata

92 1100 347 1144 intermedia
372 1098 610 1142 obsoletius
635 1098 823 1141 cordata.
847 1124 899 1129 —
925 1099 1067 1150 Cmnp.
1092 1096 1498 1149 salicifoliaBoiss
1523 1100 1565 1137 et
1591 1095 1669 1148 Ky.
1692 1095 1792 1137 Mss.

95 1185 147 1190 -—
176 1159 255 1202 Ph.
282 1158 473 1201 Anchari
502 1158 629 1212 Alph.
657 1170 734 1200 D.c.
761 1157 917 1201 Prodr.
950 1157 1041 1204 VH,
1071 1170 1108 1211 p.
1145 1158 1226 1199 ἁδὺ
1260 1169 1312 1199 ex
1345 1168 1456 1211 spec.
1487 1155 1687 1208 incoinpl.
1712 1155 1796 1197 hnc

94 1223 291 1273 spectare
316 1218 505 1260 videtur.

141 1292 239 1327 Hal).
265 1302 304 1327 1n
333 1291 573 1338 graminosis
603 1290 720 1326 vallis
748 1289 985 1334 Mergasauk
1016 1290 1212 1325 Armeniae
1238 1288 1422 1324 australis
1444 1287 1548 1324 7000'
1571 1287 1659 1333 (ΚΥ.
1679 1287 1796 1330 397³),

92 1339 236 1375 Persiae
258 1341 391 1374 monte
409 1337 561 1374 Elvend
580 1337 722 1383 (Auch.
745 1338 783 1372 in
807 1346 878 1372 nc.
903 1337 999 1372 herb
1015 1337 1049 1380 l).

152 1474 190 1514 9.
226 1471 282 1514 P.
310 1468 799 1525 campanuloides
832 1469 962 1523 (ΜΒ.
995 1469 1128 1512 Taur.
1161 1469 1286 1512 Cauc.
1315 1469 1346 1520 Ι,
1381 1481 1420 1523 p.
1463 1470 1541 1510 156
1570 1468 1651 1511 sub
1679 1466 1795 1520 Pny-

93 1529 298 1585 teumate)
343 1529 825 1584 pubescenti-scabrum
874 1529 939 1571 vel
981 1528 1237 1583 glabratum,
1282 1529 1403 1571 caule
1445 1527 1631 1582 simplici
1679 1527 1792 1568 elato

93 1590 262 1632 inferne
288 1589 439 1632 crebre
467 1588 610 1631 foliato
638 1588 680 1630 in
710 1588 873 1642 spicam
900 1588 1063 1642 saepius
1090 1588 1270 1630 brevem
1299 1588 1391 1630 basi
1428 1588 1720 1640 interruptam
1753 1588 1795 1629 et

94 1648 367 1692 subfoliatam
401 1646 601 1690 abeunte.
626 1646 738 1690 foliis
775 1647 964 1690 crenatis
1004 1646 1283 1689 inferioribus
1322 1647 1459 1689 ovatis
1492 1644 1794 1699 subpetiolatis

94 1708 282 1758 obtusis,
311 1707 480 1750 caeteris
515 1706 744 1749 sessilibus
768 1719 790 1747 a
822 1705 915 1748 basi
946 1706 1175 1749 rotundata
1204 1706 1271 1747 vel
1300 1703 1794 1757 cordato-subamplexi-

94 1767 206 1809 cauli
233 1766 429 1820 oblongis
454 1766 711 1809 acuminatis
738 1767 957 1819 supremis
984 1765 1249 1815 lanceolatiS,
1269 1764 1451 1807 floribus
1477 1763 1794 1807 subsessilibus

93 1825 369 1877 fasciculatis,
400 1824 557 1878 calycis
586 1825 723 1879 glabri
747 1824 912 1866 laciniis
947 1824 1194 1867 lanceolatis
1227 1824 1364 1867 acutis
1398 1823 1501 1866 tubo
1535 1824 1718 1876 anguste
1754 1824 1798 1863 et.

94 1886 219 1939 longe
238 1884 440 1928 obconico
460 1885 624 1927 sulcato
648 1883 799 1939 sesqui
822 1884 889 1926 vel
914 1884 1045 1937 duplo
1069 1883 1336 1936 longioribus
1358 1883 1520 1926 corolla
1543 1882 1693 1935 glabra
1717 1880 1794 1924 tri-

94 1945 163 1999 plo
191 1943 484 1997 brevioribus,
510 1944 687 1997 capsula
713 1943 895 1996 oblonga
920 1943 1059 1985 valvis
1084 1955 1220 1997 prope
1241 1943 1406 1996 apicem
1426 1942 1522 1984 sitis
1549 1941 1796 1983 dehiscente

104 2008 163 2050 26.
194 2003 251 2047 Ic.
277 2003 367 2051 Both.
396 2004 501 2057 Mag.
527 2002 611 2046 tab.
646 2003 769 2052 1015.
824 2026 861 2033 ⁶-
896 2002 1039 2054 Camp.
1069 2000 1416 2043 Marschalliana
1447 2001 1586 2043 Boiss.
1618 2001 1693 2042 loc.
1724 1999 1792 2040 cit.

94 2074 134 2115 p.
160 2063 225 2104 77.
261 2087 316 2092 -
340 2061 482 2115 Camp.
509 2061 816 2114 lcmare'oefolia
848 2060 918 2102 W.
951 2061 993 2103 in
1018 2061 1150 2103 Raem.
1177 2064 1219 2103 et
1245 2061 1340 2103 Sch.
1364 2061 1415 2111 V,
1442 2074 1482 2115 p.
1507 2061 1561 2102 92
1586 2063 1629 2101 et
1654 2058 1791 2111 herb!

142 2144 239 2180 Hab.
260 2144 301 2179 in
320 2144 555 2190 graminosis
574 2143 746 2189 regionis
761 2143 982 2190 subalpinae
997 2146 1035 2179 et
1053 2143 1196 2190 alpinae
1211 2143 1289 2179 fere
1304 2143 1423 2178 totius
1440 2142 1606 2178 Caucasi
1624 2143 1662 2176 et
1675 2141 1795 2176 Geor-

97 2193 171 2238 giae
187 2191 411 2227 Caucasicae
431 2191 659 2228 Qud-700&
677 2190 809 2234 (M.B.,
827 2191 987 2227 Hohenl
1005 2190 1133 2236 Rupr!
1153 2192 1251 2233 etc).

141 2263 277 2299 Facies
296 2263 342 2298 P.
358 2262 673 2311 ampleoez'caulz's,
684 2263 912 2298 distinctum
933 2261 1038 2298 foliis
1057 2263 1224 2298 crenatis
1240 2262 1445 2298 obscurius
1457 2261 1638 2298 cordatis.
1650 2259 1796 2305 calycis

94 2311 191 2347 tubo
209 2315 377 2356 angusto
397 2310 579 2357 elongato
598 2310 832 2357 laciniisque
849 2309 956 2357 3-plo
977 2310 1234 2356 longioribus.

160 2443 224 2485 10.
259 2442 314 2485 P.
343 2446 803 2486 controversum
842 2441 1001 2498 (BoisS.
1037 2442 1189 2497 Diagn.
1231 2442 1324 2485 Ser.
1358 2441 1410 2494 ll,
1449 2442 1487 2492 3.
1524 2454 1563 2495 p.
1606 2442 1685 2482 115
1714 2441 1795 2483 sub

97 2500 387 2557 Campanam)
411 2505 549 2545 totum
581 2501 692 2556 pube
719 2501 860 2543 albida
897 2500 1084 2544 obsitum
1123 2502 1284 2556 saepius
1313 2512 1558 2550 canescens,
1597 2499 1794 2541 caulibus

96 2560 308 2614 elongatis
333 2560 667 2614 simplicissimis
685 2561 865 2614 virgatis
880 2560 1215 2604 ascendentibus
1239 2561 1306 2603 vel
1329 2560 1485 2602 erectis
1504 2559 1657 2601 crebre
1674 2558 1796 2600 folio·

96 2619 157 2662 sis
181 2619 225 2661 in
244 2619 407 2673 spicam
435 2620 602 2673 longam
629 2621 765 2662 laxam
790 2620 1068 2673 abeuntibus,
1093 2620 1205 2662 foliis
1228 2619 1495 2662 acutiuscule
1519 2617 1795 2660 denticulatis

95 2678 232 2721 acutis
256 2678 416 2721 intimis
441 2678 638 2732 oblongis
660 2678 751 2721 basi
780 2679 1015 2722 attenuatis
1043 2678 1361 2732 subpetiolatis,
1376 2677 1543 2720 caeteris
1568 2675 1796 2719 sessilibus

95 2737 292 2796 oblongis
329 2741 372 2779 et
404 2737 863 2791 oblongo-lanceolatis
892 2738 984 2780 basi
1011 2737 1257 2780 rotundatis
1293 2737 1359 2778 vel
1387 2734 1796 2790 cordato-amplexi-

95 2796 292 2839 caulibus
323 2808 460 2851 usque
485 2797 538 2839 ad
566 2809 770 2851 suprema
798 2796 991 2839 breviter
1018 2801 1061 2839 et
1086 2801 1270 2850 anguste
1298 2796 1529 2838 lanceolata
1554 2794 1796 2843 diminutis,

95 2854 279 2897 floribus
303 2855 531 2899 sessilibus
557 2857 630 2897 3-‘1
651 2855 695 2897 in
720 2855 950 2899 fasciculos
976 2856 1153 2899 sessiles
1180 2856 1353 2898 bractea
1380 2855 1613 2897 lanceolata
1637 2852 1792 2895 sufful—

93 2916 163 2956 tos
201 2914 451 2967 glomeratis
484 2915 773 2959 bracteolatis.
801 2915 958 2968 calycis
987 2914 1173 2956 scabridi
1209 2914 1374 2956 laciniis
1409 2912 1655 2956 lanceolatis
1691 2911 1796 2953 tubo

94 2971 316 3015 turbinato
342 2972 680 3028 subaequilongis
711 2974 872 3016 corolla
901 2974 1099 3016 scabrida
1137 2973 1269 3027 duplo
1304 2972 1596 3015 brevioribus.
1621 2971 1797 3024 capsula
