2071 3241
142 206 426 253 Hcliekrysum.
868 213 1109 239 composrrAE.
1771 206 1845 243 235

141 286 341 341 capitulis
368 284 514 328 aureis
555 284 703 327 nitidis
744 284 932 338 globosis
961 284 1262 337 pedunculatis
1291 285 1453 338 parvis,
1481 286 1694 329 involucri
1719 288 1843 342 poly-

142 345 281 400 phylli
296 344 456 398 phyws
479 344 742 397 regulariter
764 347 806 386 et
830 343 925 385 laxe
946 342 1181 385 imbricatis
1210 344 1355 396 parvis
1384 347 1842 397 squarroso-concavis

138 403 310 447 obtusis
334 402 626 456 eglandulosis
653 402 706 444 ab
737 402 900 443 infimis
921 401 1059 444 ovatis
1086 401 1358 444 brevissimis
1385 403 1436 443 ad
1463 403 1610 445 intima
1639 404 1844 458 oblongo·

141 462 321 504 linearia
346 461 675 514 subspatbulata
694 460 786 502 basi
809 461 1003 513 margine
1021 460 1207 502 lanatula
1225 461 1387 502 sensim
1404 462 1628 514 elongatis.
1652 464 1841 506 aclieniis

141 520 307 563 minute
333 519 620 562 tuberculatis
657 525 716 567 36.
743 519 792 560 H.
817 518 1076 560 arenarium
1109 532 1184 561 nc.
1215 519 1275 560 Fl.
1308 520 1377 561 Fr.
1408 519 1478 573 Ν,
1507 534 1545 574 p.
1579 522 1671 562 132
1703 547 1749 552 —-
1784 521 1838 563 Ic.

140 578 202 621 Fi.
232 579 340 620 Dan.
366 578 449 620 tab.
474 579 570 619 641.

188 652 287 687 Hab.
305 652 345 687 in
364 652 512 698 campis
541 651 661 686 aridis
690 652 800 686 siccis
835 652 1050 697 praesertim
1085 651 1262 687 arenosis
1281 651 1436 686 Tauriae
1462 654 1692 698 campestris
1711 653 1840 698 (MR,

139 698 352 745 St-Supery
364 701 404 744 l),
426 699 592 734 Caucasi
610 698 759 742 (MR).

196 775 240 828 β.
273 771 611 825 slenopltgsllmn.
637 796 690 802 —-
729 771 847 814 Folia
882 772 1049 814 caulina
1074 772 1209 824 magis
1238 784 1389 824 sparsa
1420 773 1671 824 angustiora
1717 774 1837 827 apice

137 837 263 876 acuto
287 833 500 874 denudata
527 831 745 882 subfusca,
766 831 1031 883 pcdicclliob
1065 831 1206 873 lanam
1229 830 1547 884 adpressiorem
1573 832 1834 885 graciliores.

138 915 196 922 —
214 892 264 933 H.
289 890 513 943 pluriceps
537 890 581 932 C.
613 891 728 932 Koch
758 890 884 931 Linn.
913 889 1071 943 Xle,
1098 903 1135 944 p.
1163 890 1271 931 348!

185 965 285 1000 Hab.
305 965 344 1001 in
373 964 683 999 Transeaueasia
714 963 906 1007 (Ledeb.)
928 963 1113 999 Kaehetia
1141 963 1189 998 ad
1218 963 1309 997 ssuv.
1329 962 1522 999 Muchacl.
1544 964 1648 1000 2500‘
1668 965 1838 1012 (Ruprl),

136 1012 263 1048 forma
280 1012 384 1047 foliis
402 1011 710 1056 angustissimis,
728 1010 869 1045 Persiae
889 1021 997 1056 prov.
1021 1011 1263 1056 Aderbidjan
1290 1010 1459 1054 (Szovl)‚
1478 1012 1635 1058 alpibus
1661 1013 1775 1048 Ponti
1796 1014 1836 1047 C.

137 1059 286 1103 Kochl)

195 1152 235 1191 y.
263 1143 439 1174 roseum
466 1131 643 1174 Trautv.
670 1156 728 1161 —-
751 1133 971 1175 Involucri
1010 1133 1156 1186 phylla
1191 1135 1434 1187 praesertim
1462 1133 1670 1175 interiora
1698 1146 1835 1176 rosea.

138 1216 192 1221 —-
216 1191 268 1233 H.
296 1190 542 1232 Elelewalcle'
582 1190 718 1233 Boiss.
755 1196 796 1235 et
831 1192 978 1233 Buhse
1020 1191 1143 1233 Aufz.
1185 1206 1225 1247 p.
1262 1193 1357 1236 121,
1389 1192 1472 1234 tab.
1511 1192 1746 1245 X11‚ng.3
1780 1217 1838 1221 —-

138 1251 417 1292 Antennaria
448 1248 698 1291 rubicunda
724 1249 767 1292 C.
800 1251 913 1292 Koch
943 1250 1243 1304 Linn.XX1V,
1268 1264 1307 1304 p.
1342 1252 1440 1293 3502.

184 1325 284 1360 Hnb.
311 1326 352 1360 in
384 1326 693 1360 Transcaucasia
724 1325 923 1370 (Raddeo,
947 1335 1067 1372 prope
1086 1326 1227 1362 Tabris
1259 1326 1403 1362 Persia-2
1438 1326 1638 1372 (Bubsel),
1658 1328 1696 1361 in
1731 1327 1834 1362 valle

136 1372 316 1418 Talagon
336 1374 481 1408 montis
500 1372 643 1407 Elbrus
662 1372 755 1418 (ΚΥ.
777 1373 898 1417 7221),
923 1383 1042 1419 prope
1061 1373 1218 1408 Mianeh
1232 1374 1433 1419 (Bungel).

184 1438 245 1472 Ar.
267 1438 398 1481 Geoqr.
421 1436 553 1471 Gallia
589 1436 800 1480 orientalis,
828 1437 1021 1481 Belgium,
1042 1438 1169 1472 Dania
1188 1440 1226 1473 et
1243 1438 1505 1473 Scandinavia
1525 1439 1721 1483 australis,
1742 1439 1837 1474 Ger-

138 1484 282 1529 mania⁷
297 1484 392 1519 ditio
410 1483 657 1529 Danubialis‚
677 1483 813 1519 Rossia
835 1484 965 1519 media
983 1488 1020 1519 et
1038 1485 1234 1530 australis,
1261 1485 1460 1531 Songaria,
1487 1485 1641 1520 Sibiria.

200 1598 263 1639 15.
283 1596 348 1639 H.
374 1596 630 1640 Aucheri
646 1597 802 1652 (Boiss.
828 1598 979 1651 Diagn.
1004 1597 1096 1640 Ser.
1114 1599 1146 1647 I,
1173 1599 1240 1649 11,
1259 1611 1299 1652 p.
1320 1598 1394 1653 28)
1418 1599 1553 1640 dense
1568 1603 1609 1642 et
1627 1600 1834 1654 adpresse

136 1656 325 1698 lanatum
354 1668 522 1706 canum,
551 1657 787 1698 caudiculis
813 1657 1029 1698 induratis
1060 1658 1446 1709 procumbentibus
1474 1659 1604 1700 nudis
1632 1660 1833 1701 surculos

135 1714 291 1756 breves
326 1715 498 1756 steriles
530 1714 762 1768 caulesque
794 1727 999 1769 proceros
1035 1716 1319 1758 ascendentes
1366 1717 1540 1758 soliosos
1589 1718 1833 1760 edentibus.

134 1774 248 1815 foliis
276 1773 560 1827 planiusculis
597 1774 877 1815 inferioribus
904 1775 1339 1827 lineari-spathulatiS
1364 1775 1529 1817 obtusis
1554 1776 1595 1817 in
1625 1778 1830 1830 petiolum

134 1832 310 1882 longum
334 1834 583 1885 attenuatis,
606 1832 790 1874 caulinis
818 1834 978 1875 sensim
999 1833 1263 1876 abbreviatis
1289 1838 1331 1876 et
1357 1835 1611 1886 angustatis,
1627 1835 1832 1888 corymbo

133 1892 352 1933 terminali
377 1892 612 1944 composito
636 1892 917 1945 polyceplialo
941 1891 1220 1934 dcnsinsculo
1243 1893 1355 1935 foliis
1381 1894 1599 1946 supremis
1624 1894 1831 1936 brevibus

133 1948 365 2002 bracteam,
399 1951 600 2003 capitulis
621 1951 769 1992 aureis
796 1951 984 2003 globosis
1023 1949 1216 1993 breviter
1238 1952 1540 2005 pedunculatis
1566 1953 1830 2007 majiisculis,

132 2007 344 2051 involucri
389 2010 630 2063 polyphylli
672 2009 831 2062 phyllis
871 2010 1131 2063 regulariter
1179 2014 1221 2051 et
1260 2012 1353 2053 laxe
1398 2010 1635 2052 imbricatis
1664 2011 1831 2053 obtusis

133 2067 428 2119 eglandnlosis
447 2069 644 2111 concavis
669 2068 720 2109 ab
744 2069 938 2110 externis
957 2069 1095 2110 ovatis
1123 2068 1396 2112 brevissimis
1418 2070 1469 2111 ad
1496 2070 1644 2112 intima
1660 2071 1834 2112 lineari-

132 2127 376 2178 spatlinlata
396 2128 487 2169 basi
506 2128 648 2169 lanata
666 2127 782 2180 apice
810 2129 1261 2181 squamoso-patentia
1281 2128 1443 2170 sensim
1468 2129 1620 2181 auctis,
1641 2128 1832 2171 aclicniis

132 2185 400 2239 glandulosis
438 2192 495 2233 2⁴6.
526 2185 576 2227 H.
599 2185 859 2227 arenarium
883 2199 962 2228 uc.
988 2187 1140 2228 Prodr.
1166 2185 1256 2229 VII.
1283 2199 1325 2240 p.
1357 2188 1439 2227 0299
1471 2188 1610 2239 qiuiad
1635 2190 1689 2241 pl.
1728 2187 1834 2240 Cap-

132 2243 390 2296 paflocicam.

179 2315 278 2351 Hab.
298 2317 337 2351 in
356 2317 520 2353 collibus
536 2317 646 2353 siccis
663 2317 921 2364 Cappadociae
938 2318 989 2353 ad
1013 2317 1253 2364 Euphratem
1281 2319 1421 2358 (Auoh.
1440 2319 1584 2364 31151),
1606 2320 1731 2365 Syriae
1749 2320 1834 2355 bor.

130 2362 181 2397 ad
196 2363 374 2399 Marasch
395 2363 571 2406 (Haussk
586 2366 622 2409 !)7
641 2364 938 2412 Mesopotamiae
959 2365 1049 2410 (ΚΥ.
1067 2366 1186 2410 3551),
1203 2367 1251 2400 ad
1270 2365 1443 2408 Kerkuk,
1465 2367 1638 2402 Derbent
1655 2368 1667 2402 i
1689 2367 1833 2402 Basian

129 2412 170 2444 et
189 2410 228 2444 in
256 2410 408 2446 deserto
427 2412 476 2446 ad
496 2411 643 2447 radices
677 2413 821 2447 montis
851 2412 1010 2455 Sindiar
1043 2412 1270 2457 (Haussk!)‚
1307 2414 1346 2448 in
1374 2413 1545 2448 collibus
1573 2417 1621 2449 att
1645 2414 1831 2451 Ninivam

131 2456 261 2501 (Noe),
281 2457 414 2493 Persia
431 2458 572 2502 (Auch.
592 2459 684 2493 4789
696 2461 732 2504 l).
752 2459 809 2495 Fl.
831 2459 920 2494 Mai.
937 2459 1023 2494 Jun.

179 2520 459 2567 Sesquipedale
473 2525 510 2556 et
525 2522 718 2568 bipedale,
737 2522 831 2557 folia
850 2522 1034 2558 radicalia
1052 2533 1140 2558 cum
1154 2522 1298 2569 petiolo
1314 2533 1417 2568 saepe
1438 2523 1702 2569 tripffllicaria,
1721 2524 1834 2558 invo—

130 2566 284 2603 lucrum
301 2567 379 2603 fere
398 2567 448 2603 H.
470 2569 652 2604 arenarii
675 2580 697 2603 a
717 2579 795 2615 quo
814 2569 941 2604 differt
967 2569 1194 2605 caudicibus
1227 2570 1420 2615 elongatis
1454 2571 1659 2616 prostratis
1689 2571 1834 2617 eapitu—

132 2613 258 2660 lisque
275 2614 396 2662 duplo
418 2616 647 2661 majoribus.
665 2616 808 2661 Phylla
827 2616 912 2652 circ.
931 2617 987 2651 50.

196 2728 257 2768 16.
287 2726 351 2768 Η.
380 2727 730 2770 Armenium
754 2727 856 2782 (uc.
900 2728 1054 2770 Prodr.
1083 2728 1154 2780 Vl,
1193 2741 1232 2781 p.
1262 2730 1360 2776 183)
1386 2728 1713 2772 suffruticosum
1741 2730 1833 2772 basi

131 2797 351 2827 ramosum
377 2798 520 2828 ramos
544 2786 717 2828 steriles
742 2786 899 2828 breves
926 2787 1231 2841 floriferosque
1255 2792 1423 2830 erectos
1454 2789 1520 2829 vei
1548 2789 1834 2830 ascendentes

130 2842 304 2886 soliosos
317 2844 464 2893 edens,
484 2845 597 2886 foliis
618 2845 732 2897 pube
752 2844 1008 2898 glandulosa
1030 2846 1249 2887 interdum
1269 2846 1684 2888 floccoso-araneosa
1704 2849 1832 2900 parca

129 2901 283 2943 obsitis
320 2903 537 2945 viridibus
562 2902 629 2945 vel
656 2904 986 2946 canescentibus
1017 2904 1298 2957 planiusculis
1337 2905 1620 2947 inferioribus
1658 2906 1831 2948 lineari-

133 2960 196 3000 vel
223 2961 743 3016 lanceolato-spathulatis
766 2962 904 3004 acutis
931 2963 994 3004 vel
1019 2963 1300 3005 acutiusculis
1330 2963 1418 3006 basi
1442 2963 1566 3017 longe
1600 2964 1834 3006 attenuatis
