2095 3276
303 194 376 230 348
1039 210 1291 236 composrrAE.
1751 203 1774 239 Ι
1776 202 1993 250 {qr-ethtum
2003 230 2012 238 .

307 277 551 326 fimbriatis,
591 278 733 331 ligulis
779 280 1163 325 flavo-virentibus
1203 284 1342 327 oratis
1368 283 1540 326 trilobis
1576 285 1804 328 involucro
1839 284 2016 328 dimidio

308 337 600 404 brevioribus,
627 339 820 381 acheniis
853 340 1162 385 crassiusculis
1195 343 1467 396 glandulosis
1494 343 1803 397 angustissime
1838 356 2018 387 corona-

304 400 359 438 tis
398 403 456 443 ¹36.

350 470 452 506 Hah.
472 471 510 506 in
532 471 733 516 argillosis
754 472 805 508 ad
825 475 1040 510 cataractas
1051 474 1120 510 Ser
1131 475 1208 511 Abi
1221 475 1352 512 Schirr
1370 487 1490 523 prope
1502 476 1695 521 Passgala
1714 476 1860 512 montis
1871 476 2018 512 Elbrus

305 518 447 571 Pers-ige
468 518 548 554 bor.
570 518 660 565 (Ky.
680 519 799 565 3071),
820 520 859 556 in
878 521 1082 557 montibus
1102 533 1223 570 prope
1241 523 1404 559 Rudbar
1421 526 1459 559 et
1476 523 1652 560 Pokideh
1678 523 1880 568 (ssuhsei),
1896 533 2019 571 prope

304 565 446 602 Tabris
462 568 500 601 et
519 566 569 601 ad
590 567 770 603 Schurab
788 569 890 604 inter
908 568 1090 605 Teheran
1109 573 1147 605 et
1166 570 1335 617 Ispahan
1355 570 1454 617 (Bge
1464 572 1500 616 1).
1520 570 1566 606 Fl
1600 571 1794 607 Mai-sun.

350 637 496 674 Pedale
514 641 552 674 et
573 638 769 686 bipedale,
801 640 897 676 folia
929 641 1118 677 radicalia
1149 652 1237 678 cum
1261 642 1409 689 petiolo
1438 643 1775 691 2·2¹s2-pollicaria
1804 643 2018 689 segmentis

303 683 369 721 2-3
385 684 512 721 lineas
529 685 672 732 longis,
690 687 905 734 corymhus
924 692 962 724 et
980 689 1141 725 habitus
1159 690 1322 726 omnino
1340 689 1538 727 Achzlleae.

400 815 418 834 *
446 816 464 833 ²
492 817 695 854 Foliorum
710 822 915 865 segmenta
932 819 973 855 in
994 819 1154 856 lobulos
1176 820 1363 856 minimos
1382 821 1612 869 pectinatim
1629 822 1772 868 partita
1794 820 1859 857 vel
1881 821 1922 856 in

730 865 927 903 lacinulas
942 869 1111 914 anguste
1129 867 1298 903 lineares
1317 867 1595 916 decomposita.

365 975 435 1016 27.
469 974 527 1016 Ρ.
565 973 824 1017 densum
847 973 1022 1027 (Lahill.
1052 973 1153 1017 Dec.
1180 973 1255 1025 Ill,
1280 988 1319 1028 p.
1352 976 1417 1028 12,
1438 975 1523 1018 tab.
1551 975 1599 1029 8)
1627 974 1906 1018 dumulosum
1923 974 2016 1018 basi

305 1034 627 1077 suffrntcscens
671 1033 806 1075 dense
849 1033 1362 1077 velutino-tomentosum
1421 1034 1620 1077 caulibus
1662 1034 1820 1077 erectis
1862 1033 2016 1088 rigidis

303 1092 576 1146 simplicibus
607 1093 888 1145 abbreviatis,
912 1091 1024 1135 foliis
1059 1093 1223 1135 ambitu
1266 1092 1463 1147 oblongis
1504 1094 1654 1148 parvis
1698 1092 2015 1147 pinnatisectis‚

304 1152 543 1206 segmentis
567 1152 764 1194 breviter
791 1152 1029 1195 linearibus
1054 1152 1099 1194 in
1125 1153 1295 1195 lobulos
1320 1153 1524 1196 minimos
1550 1153 1654 1196 villo
1681 1164 1900 1196 connexos
1919 1164 2017 1207 pec-

304 1211 472 1255 tinatim
502 1211 675 1265 partitis
703 1211 746 1252 in
776 1212 889 1254 foliis
916 1211 1099 1255 novellis
1131 1212 1247 1255 inter
1281 1224 1327 1254 se
1351 1213 1566 1266 contiguis
1589 1212 1750 1254 'folium
1774 1211 2016 1254 indivisum

303 1270 630 1323 simulantibus,
658 1270 770 1313 foliis
795 1271 980 1313 caulinis
1006 1271 1172 1313 sensim
1201 1271 1429 1314 diminutis
1465 1272 1685 1326 supremis
1710 1270 2018 1325 pinnatiparti-

306 1331 372 1374 lis.
396 1330 603 1385 corymbo
641 1330 948 1383 oligoceplialo‚
976 1330 1237 1385 pedunculis
1264 1331 1453 1385 capitulo
1478 1329 1808 1386 neinispnaerico
1835 1329 2015 1383 globoso

303 1388 507 1434 mediocri
529 1390 702 1445 2-5-plo
731 1390 1015 1443 longioribus,
1044 1389 1258 1432 involucri
1280 1390 1517 1432 tomentelli
1545 1389 1872 1445 adpressissimi
1892 1388 2016 1443 phyl-

302 1449 355 1491 lis
387 1449 548 1491 intimis
583 1449 703 1502 apice
731 1449 813 1490 lule
839 1449 1026 1503 liyalinis
1053 1449 1221 1500 laceris,
1252 1449 1396 1502 ligulis
1429 1450 1598 1492 trilubis
1626 1448 2016 1503 oblongo-spathu-

302 1508 401 1551 latis
422 1507 551 1550 luteis
573 1507 798 1550 involucro
818 1508 949 1562 triplo
968 1508 1261 1561 brevioribus,
1280 1511 1438 1550 corona
1454 1509 1718 1551 brevissima
1736 1514 1771 1556 5.
1800 1508 1847 1550 P.
1864 1505 2015 1560 Syrm-

303 1579 402 1608 cum
427 1566 565 1609 Boiss.
596 1567 746 1621 Diagn.
774 1567 866 1609 Ser.
894 1567 926 1619 1,
956 1570 1021 1620 ll,
1047 1581 1086 1621 p.
1116 1565 1183 1608 ⁶24.

349 1640 450 1676 Hab.
471 1641 508 1676 in
528 1641 775 1688 rupes-tribus
795 1641 942 1686 alpinis
961 1641 1108 1677 montis
1127 1640 1253 1677 Gebel
1278 1640 1442 1676 Scheick
1472 1640 1723 1685 (Hermonis)
1751 1640 1876 1686 Syriae
1895 1639 2015 1685 (Labi

301 1688 416 1724 Boiss
431 1690 471 1729 ἲ),
491 1689 686 1724 montium
702 1699 823 1735 snpra
841 1688 1014 1724 Zebdani
1035 1688 1252 1734 (Ky.123³)
1269 1692 1306 1724 et
1323 1700 1367 1722 sn
1402 1699 1440 1723 ra
1457 1688 1605 1724 Aintab
1623 1692 1661 1724 et
1676 1688 1855 1724 Mnrasch
1871 1687 2013 1731 (Auch.

299 1735 409 1772 3478!
440 1735 648 1778 Hans->kik
680 1738 825 1772 montis
854 1735 1083 1782 Berytdagh
1109 1735 1310 1771 Cataonize
1332 1736 1367 1774 (Ι
1390 1735 1560 1777 ausskn,
1590 1737 1628 1771 in
1652 1735 1798 1783 alpinis
1817 1736 2015 1772 Gorumse

300 1783 446 1818 Cilieiae
466 1794 519 1818 or.
537 1783 665 1829 (Kyl)‚
687 1794 846 1819 summo
861 1784 958 1830 jugo
977 1783 1138 1819 Elmulu
1157 1783 1286 1829 Lyciae
1306 1783 1501 1829 (Bourgl).
1520 1782 1575 1819 Fl.
1594 1783 1669 1820 Jul.

348 1848 492 1884 Canles
515 1848 996 1895 florifer16-9-p011icares‚
1023 1847 1198 1895 capitula
1225 1848 1388 1893 magnit.
1408 1847 1496 1883 Pisi.
1531 1847 1734 1883 Foliorum
1751 1850 1956 1894 segmenta
1973 1846 2013 1883 in

302 1895 406 1933 foliis
419 1896 646 1942 junioribus
665 1896 793 1942 magis
814 1906 935 1943 quam
955 1896 993 1931 in
1015 1895 1219 1942 speciebus
1234 1895 1419 1931 affinibus
1439 1895 1623 1931 conferta.

363 2028 431 2070 23.
466 2027 523 2070 P.
558 2025 881 2072 Cadmeum
916 2027 1077 2082 (Boiss.
1101 2027 1256 2082 Diagn.
1285 2028 1374 2070 Ser.
1402 2029 1433 2073 Ι.
1460 2029 1500 2079 4,
1529 2040 1568 2081 p.
1606 2026 1678 2081 10)
1707 2027 1800 2069 laxe
1823 2026 2011 2081 cespilo·

299 2100 394 2130 sum
434 2090 729 2130 tomentosum
758 2100 992 2130 canescens
1030 2087 1270 2131 caudiculis
1309 2087 1570 2142 repentibus
1597 2084 1895 2129 radicantibus
1923 2088 2015 2128 tan-

301 2145 397 2188 dem
430 2146 658 2190 induratis.
680 2146 794 2189 foliis
822 2146 984 2189 ambitu
1009 2146 1207 2200 oblongis
1232 2145 1577 2201 bipinnaliSectis
1600 2145 1837 2200 segmentis
1864 2144 2014 2187 oblon-

298 2205 363 2259 gis
391 2205 433 2247 in
459 2206 670 2249 lucinulas
705 2209 862 2248 tenues
890 2206 1085 2259 integras
1113 2205 1307 2249 breviter
1342 2205 1530 2249 lincares
1569 2205 1748 2249 obtusas
1784 2203 2012 2247 confertim

297 2267 341 2307 et
367 2265 620 2320 pectinatim
645 2265 792 2316 sectis,
819 2264 1014 2319 corymbi
1039 2264 1163 2308 densi
1184 2265 1443 2319 pedunculis
1465 2264 1652 2318 capitulo
1677 2263 1853 2318 globoso
1874 2274 2011 2318 parvo

298 2336 380 2367 non
411 2323 689 2377 longioribus,
714 2323 928 2366 involucri
954 2324 1115 2367 hirsuti
1144 2324 1302 2378 pliyllis
1324 2324 1511 2367 internis
1538 2324 1659 2378 apice
1681 2322 1868 2378 liyalinis
1897 2322 2008 2365 lacc-

297 2383 373 2425 ris.
399 2382 544 2437 ligulis
568 2383 699 2427 luteis
722 2382 892 2426 trilobis
916 2383 1084 2426 discum
1115 2396 1272 2438 parum
1308 2382 1635 2430 excedentibus.
1657 2383 1818 2424 corona
1840 2380 2012 2424 brevis-

297 2442 405 2484 simii
446 2449 503 2489 26.

345 2515 446 2551 Hah.
468 2515 509 2551 in
526 2515 686 2561 regione
710 2515 904 2562 superiori
930 2516 1079 2551 montis
1097 2515 1239 2552 Cadmi
1264 2525 1386 2562 prope
1410 2514 1616 2552 Colossam
1636 2516 1676 2551 in
1693 2514 1811 2552 Caria¹
1828 2513 2009 2559 (Boissl)‚

295 2563 335 2598 in
364 2563 604 2608 graminosis
626 2562 772 2609 alpinis
802 2563 951 2598 montis
979 2562 1140 2599 Elmalu
1174 2562 1304 2609 Lyciae
1325 2562 1491 2610 (Bourg.
1508 2563 1626 2608 1511),
1652 2563 1692 2598 in
1709 2560 2010 2609 Mesopotamiae

295 2611 496 2647 montibus
514 2610 616 2646 inter
632 2609 780 2646 Suerek
799 2613 836 2646 et
852 2609 1064 2646 Diarbekir
1081 2610 1205 2656 (Kyl).

353 2684 398 2737 ,3.
433 2682 790 2726 Hausslcnecletii.
819 2708 866 2714 -
896 2683 1153 2734 Robustius,
1172 2684 1271 2726 folia
1291 2683 1459 2738 latiora,
1478 2683 1708 2738 superiora
1727 2683 1872 2726 minus
1890 2681 2011 2725 dimi-

294 2747 417 2786 nuta.
439 2743 628 2797 capitula
657 2744 820 2799 majora
847 2743 998 2786 Pisum
1027 2754 1142 2797 saepe
1166 2743 1400 2797 aequanlia.

339 2825 443 2861 Hah.
460 2825 500 2861 in
517 2825 721 2862 montibus
735 2825 976 2872 Akkerdagh
989 2836 1111 2873 prope
1123 2825 1304 2862 Marasch
1319 2828 1357 2862 et
1371 2824 1598 2872 Berytdagh
1610 2825 1811 2862 Cataoniae
1822 2824 2008 2871 (Heldrt).

338 2888 380 2925 In
403 2889 475 2925 bac
498 2889 627 2936 specie
646 2892 851 2934 segmenta
877 2889 1065 2926 foliorum
1084 2890 1124 2926 in
1144 2889 1316 2926 surculis
1334 2889 1537 2925 sterilibus
1564 2889 1781 2937 praesertim
1807 2888 2007 2925 interdum

291 2937 476 2982 contigua
504 2938 598 2972 sunt
624 2939 666 2972 ut
687 2936 727 2972 in
751 2936 797 2972 Ρ.
816 2936 935 2973 denso
953 2947 976 2972 a
995 2947 1073 2983 qno
1092 2936 1225 2972 differt
1251 2936 1470 2972 caudiculis
1491 2936 1698 2984 prostratis
1727 2935 2008 2982 radic-antibus,

290 2982 397 3020 loliis
416 2984 604 3020 omnibus
624 2984 859 3031 bipinnatis,
875 2983 1059 3031 capitulis
1079 2984 1314 3029 minoribus,
1333 2987 1402 3020 etc.
