<?xml version="1.0" encoding="UTF-8"?>
<!DOCTYPE html PUBLIC "-//W3C//DTD XHTML 1.0 Transitional//EN"
    "http://www.w3.org/TR/xhtml1/DTD/xhtml1-transitional.dtd">
<html xmlns="http://www.w3.org/1999/xhtml" xml:lang="en" lang="en">
 <head>
  <title>
</title>
<meta http-equiv="Content-Type" content="text/html;charset=utf-8" />
  <meta name='ocr-system' content='tesseract 3.04.00' />
  <meta name='ocr-capabilities' content='ocr_page ocr_carea ocr_par ocr_line ocrx_word'/>
</head>
<body>
  <div class='ocr_page' id='page_1' title='image "./floraorientaliss03bois_0510.png"; bbox 0 0 2090 3291; ppageno 0'>
   <div class='ocr_carea' id='block_1_1' title="bbox 269 248 1962 298">
    <p class='ocr_par' dir='ltr' id='par_1_1' title="bbox 269 248 1962 298">
     <span class='ocr_line' id='line_1_1' title="bbox 269 248 1962 298; baseline 0.001 -14"><span class='ocrx_word' id='word_1_1' title='bbox 269 257 340 294; x_wconf 64' lang='lat'>424</span> <span class='ocrx_word' id='word_1_2' title='bbox 990 258 1236 285; x_wconf 81' lang='lat' dir='ltr'>COMPOSITAE.</span> <span class='ocrx_word' id='word_1_3' title='bbox 1747 248 1962 298; x_wconf 79' lang='lat' dir='ltr'>Eckz&#39;nops.</span> 
     </span>
    </p>
   </div>
   <div class='ocr_carea' id='block_1_2' title="bbox 274 329 1979 1563">
    <p class='ocr_par' dir='ltr' id='par_1_2' title="bbox 274 329 1979 1563">
     <span class='ocr_line' id='line_1_2' title="bbox 274 329 1969 385; baseline -0.005 -3"><span class='ocrx_word' id='word_1_4' title='bbox 274 351 335 383; x_wconf 84' lang='lat' dir='ltr'>rae</span> <span class='ocrx_word' id='word_1_5' title='bbox 369 337 461 380; x_wconf 89' lang='lat' dir='ltr'>basi</span> <span class='ocrx_word' id='word_1_6' title='bbox 500 337 544 378; x_wconf 91' lang='lat' dir='ltr'>in</span> <span class='ocrx_word' id='word_1_7' title='bbox 587 333 763 376; x_wconf 87' lang='lat' dir='ltr'>caudam</span> <span class='ocrx_word' id='word_1_8' title='bbox 808 333 985 374; x_wconf 87' lang='lat' dir='ltr'>brevem</span> <span class='ocrx_word' id='word_1_9' title='bbox 1022 329 1246 373; x_wconf 83' lang='lat' dir='ltr'>barbatam</span> <span class='ocrx_word' id='word_1_10' title='bbox 1286 329 1430 372; x_wconf 90' lang='lat' dir='ltr'>rarius</span> <span class='ocrx_word' id='word_1_11' title='bbox 1474 329 1685 382; x_wconf 85' lang='lat' dir='ltr'>integram</span> <span class='ocrx_word' id='word_1_12' title='bbox 1727 330 1969 385; x_wconf 77' lang='lat' dir='ltr'>productae.</span> 
     </span>
     <span class='ocr_line' id='line_1_3' title="bbox 275 388 1967 450; baseline -0.005 -10"><span class='ocrx_word' id='word_1_13' title='bbox 275 396 423 450; x_wconf 90' lang='lat' dir='ltr'>Stylus</span> <span class='ocrx_word' id='word_1_14' title='bbox 463 393 543 437; x_wconf 89' lang='lat' dir='ltr'>sub</span> <span class='ocrx_word' id='word_1_15' title='bbox 584 392 717 434; x_wconf 86' lang='lat' dir='ltr'>ramis</span> <span class='ocrx_word' id='word_1_16' title='bbox 755 389 1057 434; x_wconf 85' lang='lat' dir='ltr'>crassiusculis</span> <span class='ocrx_word' id='word_1_17' title='bbox 1085 389 1244 431; x_wconf 85' lang='lat' dir='ltr'>annulo</span> <span class='ocrx_word' id='word_1_18' title='bbox 1279 388 1465 442; x_wconf 83' lang='lat' dir='ltr'>pilorum</span> <span class='ocrx_word' id='word_1_19' title='bbox 1503 388 1682 430; x_wconf 88' lang='lat' dir='ltr'>cinctus.</span> <span class='ocrx_word' id='word_1_20' title='bbox 1722 389 1967 431; x_wconf 86' lang='lat' dir='ltr'>Achenium</span> 
     </span>
     <span class='ocr_line' id='line_1_4' title="bbox 274 447 1967 508; baseline -0.004 -11"><span class='ocrx_word' id='word_1_21' title='bbox 274 457 518 508; x_wconf 83' lang='lat' dir='ltr'>elongatum</span> <span class='ocrx_word' id='word_1_22' title='bbox 544 452 744 494; x_wconf 79' lang='lat' dir='ltr'>subtere-s</span> <span class='ocrx_word' id='word_1_23' title='bbox 772 449 932 503; x_wconf 79' lang='lat' dir='ltr'>saepiu-s</span> <span class='ocrx_word' id='word_1_24' title='bbox 958 449 1174 490; x_wconf 88' lang='lat' dir='ltr'>villosum.</span> <span class='ocrx_word' id='word_1_25' title='bbox 1201 447 1376 502; x_wconf 88' lang='lat' dir='ltr'>Pappus</span> <span class='ocrx_word' id='word_1_26' title='bbox 1400 447 1505 489; x_wconf 85' lang='lat' dir='ltr'>setis</span> <span class='ocrx_word' id='word_1_27' title='bbox 1532 447 1632 501; x_wconf 89' lang='lat' dir='ltr'>plus</span> <span class='ocrx_word' id='word_1_28' title='bbox 1658 448 1799 490; x_wconf 88' lang='lat' dir='ltr'>minus</span> <span class='ocrx_word' id='word_1_29' title='bbox 1823 449 1967 501; x_wconf 87' lang='lat' dir='ltr'>palea-</span> 
     </span>
     <span class='ocr_line' id='line_1_5' title="bbox 275 505 1968 561; baseline -0.006 -3"><span class='ocrx_word' id='word_1_30' title='bbox 275 510 560 558; x_wconf 87' lang='lat' dir='ltr'>ceo-dilatatis</span> <span class='ocrx_word' id='word_1_31' title='bbox 583 509 626 551; x_wconf 92' lang='lat' dir='ltr'>in</span> <span class='ocrx_word' id='word_1_32' title='bbox 659 520 857 551; x_wconf 87' lang='lat' dir='ltr'>coronam</span> <span class='ocrx_word' id='word_1_33' title='bbox 885 506 1198 561; x_wconf 82' lang='lat' dir='ltr'>approximatis</span> <span class='ocrx_word' id='word_1_34' title='bbox 1222 506 1372 548; x_wconf 88' lang='lat' dir='ltr'>liberis</span> <span class='ocrx_word' id='word_1_35' title='bbox 1397 507 1464 548; x_wconf 87' lang='lat' dir='ltr'>vel</span> <span class='ocrx_word' id='word_1_36' title='bbox 1496 505 1594 558; x_wconf 89' lang='lat' dir='ltr'>plus</span> <span class='ocrx_word' id='word_1_37' title='bbox 1620 507 1766 549; x_wconf 88' lang='lat' dir='ltr'>minus</span> <span class='ocrx_word' id='word_1_38' title='bbox 1793 518 1968 549; x_wconf 85' lang='lat' dir='ltr'>concre-</span> 
     </span>
     <span class='ocr_line' id='line_1_6' title="bbox 275 564 1968 619; baseline -0.004 -5"><span class='ocrx_word' id='word_1_39' title='bbox 275 573 332 615; x_wconf 90' lang='lat' dir='ltr'>tis</span> <span class='ocrx_word' id='word_1_40' title='bbox 368 573 583 613; x_wconf 77' lang='lat' dir='ltr'>constans.</span> <span class='ocrx_word' id='word_1_41' title='bbox 617 592 671 597; x_wconf 92' lang='lat'>——</span> <span class='ocrx_word' id='word_1_42' title='bbox 708 567 861 608; x_wconf 85' lang='lat' dir='ltr'>Herbae</span> <span class='ocrx_word' id='word_1_43' title='bbox 886 567 1074 619; x_wconf 81' lang='lat' dir='ltr'>spinosae</span> <span class='ocrx_word' id='word_1_44' title='bbox 1103 565 1202 618; x_wconf 87' lang='lat' dir='ltr'>plus</span> <span class='ocrx_word' id='word_1_45' title='bbox 1235 565 1380 606; x_wconf 84' lang='lat' dir='ltr'>minus</span> <span class='ocrx_word' id='word_1_46' title='bbox 1405 564 1704 607; x_wconf 84' lang='lat' dir='ltr'>arachnoideae</span> <span class='ocrx_word' id='word_1_47' title='bbox 1740 565 1807 607; x_wconf 86' lang='lat' dir='ltr'>vel</span> <span class='ocrx_word' id='word_1_48' title='bbox 1837 578 1968 608; x_wconf 80' lang='lat' dir='ltr'>canae.</span> 
     </span>
     <span class='ocr_line' id='line_1_7' title="bbox 277 622 1966 679; baseline -0.003 -8"><span class='ocrx_word' id='word_1_49' title='bbox 277 628 515 671; x_wconf 83' lang='lat' dir='ltr'>Glomeruli</span> <span class='ocrx_word' id='word_1_50' title='bbox 551 626 739 679; x_wconf 88' lang='lat' dir='ltr'>capitula</span> <span class='ocrx_word' id='word_1_51' title='bbox 768 625 832 666; x_wconf 92' lang='lat' dir='ltr'>vel</span> <span class='ocrx_word' id='word_1_52' title='bbox 860 625 1002 667; x_wconf 89' lang='lat' dir='ltr'>omnia</span> <span class='ocrx_word' id='word_1_53' title='bbox 1028 624 1382 677; x_wconf 86' lang='lat' dir='ltr'>hermaphrodita</span> <span class='ocrx_word' id='word_1_54' title='bbox 1418 622 1590 676; x_wconf 75' lang='lat' dir='ltr'>fertilia,</span> <span class='ocrx_word' id='word_1_55' title='bbox 1629 624 1699 666; x_wconf 89' lang='lat' dir='ltr'>vel</span> <span class='ocrx_word' id='word_1_56' title='bbox 1737 625 1966 677; x_wconf 85' lang='lat' dir='ltr'>superiora</span> 
     </span>
     <span class='ocr_line' id='line_1_8' title="bbox 277 682 1972 742; baseline -0.003 -13"><span class='ocrx_word' id='word_1_57' title='bbox 277 688 422 742; x_wconf 85' lang='lat' dir='ltr'>phyllo</span> <span class='ocrx_word' id='word_1_58' title='bbox 449 684 661 728; x_wconf 81' lang='lat' dir='ltr'>involucri</span> <span class='ocrx_word' id='word_1_59' title='bbox 688 683 879 739; x_wconf 83' lang='lat' dir='ltr'>partialis</span> <span class='ocrx_word' id='word_1_60' title='bbox 905 685 1040 726; x_wconf 87' lang='lat' dir='ltr'>altero</span> <span class='ocrx_word' id='word_1_61' title='bbox 1067 684 1110 724; x_wconf 91' lang='lat' dir='ltr'>in</span> <span class='ocrx_word' id='word_1_62' title='bbox 1139 695 1273 724; x_wconf 90' lang='lat' dir='ltr'>cornu</span> <span class='ocrx_word' id='word_1_63' title='bbox 1302 694 1416 736; x_wconf 87' lang='lat' dir='ltr'>saepe</span> <span class='ocrx_word' id='word_1_64' title='bbox 1444 682 1614 734; x_wconf 82' lang='lat' dir='ltr'>longum</span> <span class='ocrx_word' id='word_1_65' title='bbox 1651 685 1814 725; x_wconf 87' lang='lat' dir='ltr'>mutato</span> <span class='ocrx_word' id='word_1_66' title='bbox 1843 683 1972 726; x_wconf 86' lang='lat' dir='ltr'>steri-</span> 
     </span>
     <span class='ocr_line' id='line_1_9' title="bbox 277 740 1973 798; baseline -0.002 -10"><span class='ocrx_word' id='word_1_67' title='bbox 277 747 347 789; x_wconf 89' lang='lat' dir='ltr'>lia.</span> <span class='ocrx_word' id='word_1_68' title='bbox 374 770 424 775; x_wconf 95' lang='lat'><em>-</em></span> <span class='ocrx_word' id='word_1_69' title='bbox 459 744 607 787; x_wconf 84' lang='lat' dir='ltr'>Genus</span> <span class='ocrx_word' id='word_1_70' title='bbox 640 743 781 798; x_wconf 89' lang='lat' dir='ltr'>quoad</span> <span class='ocrx_word' id='word_1_71' title='bbox 805 743 1048 795; x_wconf 80' lang='lat' dir='ltr'>specierum</span> <span class='ocrx_word' id='word_1_72' title='bbox 1078 741 1397 783; x_wconf 77' lang='lat' dir='ltr'>distinctionem</span> <span class='ocrx_word' id='word_1_73' title='bbox 1435 740 1561 783; x_wconf 82' lang='lat' dir='ltr'>valde</span> <span class='ocrx_word' id='word_1_74' title='bbox 1585 742 1756 784; x_wconf 86' lang='lat' dir='ltr'>difficile</span> <span class='ocrx_word' id='word_1_75' title='bbox 1782 745 1824 784; x_wconf 87' lang='lat' dir='ltr'>et</span> <span class='ocrx_word' id='word_1_76' title='bbox 1851 741 1973 784; x_wconf 86' lang='lat' dir='ltr'>bota-</span> 
     </span>
     <span class='ocr_line' id='line_1_10' title="bbox 278 800 1967 853; baseline -0.003 -6"><span class='ocrx_word' id='word_1_77' title='bbox 278 806 472 847; x_wconf 90' lang='lat' dir='ltr'>nicorum</span> <span class='ocrx_word' id='word_1_78' title='bbox 509 802 870 853; x_wconf 78' lang='lat' dir='ltr'>cruciamentuni;</span> <span class='ocrx_word' id='word_1_79' title='bbox 893 801 1166 843; x_wconf 80' lang='lat' dir='ltr'>characteres</span> <span class='ocrx_word' id='word_1_80' title='bbox 1195 801 1344 853; x_wconf 89' lang='lat' dir='ltr'>plures</span> <span class='ocrx_word' id='word_1_81' title='bbox 1375 800 1548 842; x_wconf 87' lang='lat' dir='ltr'>indicati</span> <span class='ocrx_word' id='word_1_82' title='bbox 1579 801 1709 842; x_wconf 89' lang='lat' dir='ltr'>etiam</span> <span class='ocrx_word' id='word_1_83' title='bbox 1740 801 1785 842; x_wconf 92' lang='lat' dir='ltr'>in</span> <span class='ocrx_word' id='word_1_84' title='bbox 1817 800 1967 842; x_wconf 76' lang='lat' dir='ltr'>eadem</span> 
     </span>
     <span class='ocr_line' id='line_1_11' title="bbox 279 859 1972 917; baseline -0.001 -15"><span class='ocrx_word' id='word_1_85' title='bbox 279 863 420 917; x_wconf 79' lang='lat' dir='ltr'>specie</span> <span class='ocrx_word' id='word_1_86' title='bbox 442 861 592 903; x_wconf 86' lang='lat' dir='ltr'>incerti</span> <span class='ocrx_word' id='word_1_87' title='bbox 616 865 658 902; x_wconf 90' lang='lat' dir='ltr'>et</span> <span class='ocrx_word' id='word_1_88' title='bbox 675 861 906 903; x_wconf 83' lang='lat' dir='ltr'>variabiles</span> <span class='ocrx_word' id='word_1_89' title='bbox 927 860 1145 909; x_wconf 84' lang='lat' dir='ltr'>videntur,</span> <span class='ocrx_word' id='word_1_90' title='bbox 1160 859 1220 901; x_wconf 89' lang='lat' dir='ltr'>sic</span> <span class='ocrx_word' id='word_1_91' title='bbox 1242 859 1562 913; x_wconf 85' lang='lat' dir='ltr'>receptaculum</span> <span class='ocrx_word' id='word_1_92' title='bbox 1588 859 1752 901; x_wconf 85' lang='lat' dir='ltr'>nudum</span> <span class='ocrx_word' id='word_1_93' title='bbox 1776 859 1843 901; x_wconf 90' lang='lat' dir='ltr'>vel</span> <span class='ocrx_word' id='word_1_94' title='bbox 1863 859 1972 901; x_wconf 88' lang='lat' dir='ltr'>setis</span> 
     </span>
     <span class='ocr_line' id='line_1_12' title="bbox 279 918 1976 973; baseline -0.002 -9"><span class='ocrx_word' id='word_1_95' title='bbox 279 921 499 964; x_wconf 89' lang='lat' dir='ltr'>nonnullis</span> <span class='ocrx_word' id='word_1_96' title='bbox 527 919 713 973; x_wconf 87' lang='lat' dir='ltr'>penicilli</span> <span class='ocrx_word' id='word_1_97' title='bbox 736 919 901 961; x_wconf 86' lang='lat' dir='ltr'>diutius</span> <span class='ocrx_word' id='word_1_98' title='bbox 925 918 1266 973; x_wconf 86' lang='lat' dir='ltr'>persistentibus</span> <span class='ocrx_word' id='word_1_99' title='bbox 1290 918 1491 969; x_wconf 83' lang='lat' dir='ltr'>obsitum,</span> <span class='ocrx_word' id='word_1_100' title='bbox 1517 919 1644 972; x_wconf 87' lang='lat' dir='ltr'>pappi</span> <span class='ocrx_word' id='word_1_101' title='bbox 1670 918 1800 972; x_wconf 86' lang='lat' dir='ltr'>paleae</span> <span class='ocrx_word' id='word_1_102' title='bbox 1824 919 1976 960; x_wconf 83' lang='lat' dir='ltr'>liberae</span> 
     </span>
     <span class='ocr_line' id='line_1_13' title="bbox 280 977 1972 1033; baseline -0.002 -11"><span class='ocrx_word' id='word_1_103' title='bbox 280 981 347 1022; x_wconf 92' lang='lat' dir='ltr'>vel</span> <span class='ocrx_word' id='word_1_104' title='bbox 376 980 472 1033; x_wconf 87' lang='lat' dir='ltr'>plus</span> <span class='ocrx_word' id='word_1_105' title='bbox 504 979 646 1020; x_wconf 87' lang='lat' dir='ltr'>minus</span> <span class='ocrx_word' id='word_1_106' title='bbox 674 977 851 1030; x_wconf 84' lang='lat' dir='ltr'>coalitae‚</span> <span class='ocrx_word' id='word_1_107' title='bbox 879 978 1068 1031; x_wconf 86' lang='lat' dir='ltr'>capitula</span> <span class='ocrx_word' id='word_1_108' title='bbox 1102 977 1243 1020; x_wconf 85' lang='lat' dir='ltr'>omnia</span> <span class='ocrx_word' id='word_1_109' title='bbox 1273 977 1426 1019; x_wconf 85' lang='lat' dir='ltr'>fertilia</span> <span class='ocrx_word' id='word_1_110' title='bbox 1468 977 1534 1019; x_wconf 87' lang='lat' dir='ltr'>vel</span> <span class='ocrx_word' id='word_1_111' title='bbox 1574 977 1804 1031; x_wconf 82' lang='lat' dir='ltr'>superlora</span> <span class='ocrx_word' id='word_1_112' title='bbox 1829 977 1972 1020; x_wconf 86' lang='lat' dir='ltr'>corni·</span> 
     </span>
     <span class='ocr_line' id='line_1_14' title="bbox 277 1035 1976 1092; baseline -0.002 -12"><span class='ocrx_word' id='word_1_113' title='bbox 277 1051 377 1092; x_wconf 85' lang='lat' dir='ltr'>gera</span> <span class='ocrx_word' id='word_1_114' title='bbox 399 1038 573 1080; x_wconf 86' lang='lat' dir='ltr'>sterilia.</span> <span class='ocrx_word' id='word_1_115' title='bbox 598 1037 706 1079; x_wconf 87' lang='lat' dir='ltr'>Nota</span> <span class='ocrx_word' id='word_1_116' title='bbox 731 1037 856 1079; x_wconf 90' lang='lat' dir='ltr'>unica</span> <span class='ocrx_word' id='word_1_117' title='bbox 879 1049 901 1077; x_wconf 91' lang='lat' dir='ltr'>e</span> <span class='ocrx_word' id='word_1_118' title='bbox 926 1036 1083 1090; x_wconf 77' lang='lat' dir='ltr'>phyllis</span> <span class='ocrx_word' id='word_1_119' title='bbox 1111 1035 1325 1078; x_wconf 84' lang='lat' dir='ltr'>involucri</span> <span class='ocrx_word' id='word_1_120' title='bbox 1348 1036 1514 1078; x_wconf 86' lang='lat' dir='ltr'>intimis</span> <span class='ocrx_word' id='word_1_121' title='bbox 1539 1035 1689 1079; x_wconf 86' lang='lat' dir='ltr'>liberis</span> <span class='ocrx_word' id='word_1_122' title='bbox 1715 1037 1782 1078; x_wconf 88' lang='lat' dir='ltr'>vel</span> <span class='ocrx_word' id='word_1_123' title='bbox 1804 1036 1976 1079; x_wconf 83' lang='lat' dir='ltr'>coalitis</span> 
     </span>
     <span class='ocr_line' id='line_1_15' title="bbox 279 1095 1972 1149; baseline -0.002 -10"><span class='ocrx_word' id='word_1_124' title='bbox 279 1100 321 1139; x_wconf 89' lang='lat' dir='ltr'>et</span> <span class='ocrx_word' id='word_1_125' title='bbox 346 1101 448 1140; x_wconf 90' lang='lat' dir='ltr'>tunc</span> <span class='ocrx_word' id='word_1_126' title='bbox 472 1096 624 1139; x_wconf 88' lang='lat' dir='ltr'>tubum</span> <span class='ocrx_word' id='word_1_127' title='bbox 650 1095 1025 1138; x_wconf 83' lang='lat' dir='ltr'>membranaceum</span> <span class='ocrx_word' id='word_1_128' title='bbox 1054 1095 1343 1149; x_wconf 87' lang='lat' dir='ltr'>cylindricum</span> <span class='ocrx_word' id='word_1_129' title='bbox 1373 1095 1436 1137; x_wconf 88' lang='lat' dir='ltr'>vel</span> <span class='ocrx_word' id='word_1_130' title='bbox 1469 1095 1700 1148; x_wconf 82' lang='lat' dir='ltr'>oblongum</span> <span class='ocrx_word' id='word_1_131' title='bbox 1729 1095 1972 1138; x_wconf 89' lang='lat' dir='ltr'>coriaceum</span> 
     </span>
     <span class='ocr_line' id='line_1_16' title="bbox 279 1153 1973 1211; baseline -0.002 -12"><span class='ocrx_word' id='word_1_132' title='bbox 279 1160 566 1211; x_wconf 81' lang='lat' dir='ltr'>pentagonum</span> <span class='ocrx_word' id='word_1_133' title='bbox 595 1154 880 1197; x_wconf 88' lang='lat' dir='ltr'>formantibus</span> <span class='ocrx_word' id='word_1_134' title='bbox 910 1154 1011 1195; x_wconf 84' lang='lat' dir='ltr'>mihi</span> <span class='ocrx_word' id='word_1_135' title='bbox 1038 1153 1160 1195; x_wconf 87' lang='lat' dir='ltr'>firma</span> <span class='ocrx_word' id='word_1_136' title='bbox 1187 1154 1277 1195; x_wconf 84' lang='lat' dir='ltr'>visa</span> <span class='ocrx_word' id='word_1_137' title='bbox 1301 1157 1378 1196; x_wconf 87' lang='lat' dir='ltr'>est.</span> <span class='ocrx_word' id='word_1_138' title='bbox 1407 1153 1582 1208; x_wconf 87' lang='lat' dir='ltr'>Species</span> <span class='ocrx_word' id='word_1_139' title='bbox 1610 1154 1828 1196; x_wconf 85' lang='lat' dir='ltr'>nonnullae</span> <span class='ocrx_word' id='word_1_140' title='bbox 1854 1154 1973 1208; x_wconf 90' lang='lat' dir='ltr'>equi-</span> 
     </span>
     <span class='ocr_line' id='line_1_17' title="bbox 280 1212 1979 1267; baseline -0.001 -11"><span class='ocrx_word' id='word_1_141' title='bbox 280 1214 376 1256; x_wconf 90' lang='lat' dir='ltr'>dem</span> <span class='ocrx_word' id='word_1_142' title='bbox 405 1227 426 1255; x_wconf 89' lang='lat' dir='ltr'>a</span> <span class='ocrx_word' id='word_1_143' title='bbox 449 1213 762 1266; x_wconf 81' lang='lat' dir='ltr'>congeneribus</span> <span class='ocrx_word' id='word_1_144' title='bbox 787 1214 854 1254; x_wconf 92' lang='lat' dir='ltr'>vel</span> <span class='ocrx_word' id='word_1_145' title='bbox 878 1213 1160 1255; x_wconf 77' lang='lat' dir='ltr'>ant-herarum</span> <span class='ocrx_word' id='word_1_146' title='bbox 1184 1212 1334 1255; x_wconf 90' lang='lat' dir='ltr'>caudis</span> <span class='ocrx_word' id='word_1_147' title='bbox 1366 1213 1645 1266; x_wconf 76' lang='lat' dir='ltr'>integ1·is‚vel</span> <span class='ocrx_word' id='word_1_148' title='bbox 1672 1213 1830 1267; x_wconf 84' lang='lat' dir='ltr'>phyllis</span> <span class='ocrx_word' id='word_1_149' title='bbox 1854 1213 1979 1267; x_wconf 77' lang='lat' dir='ltr'>apice</span> 
     </span>
     <span class='ocr_line' id='line_1_18' title="bbox 281 1271 1975 1326; baseline -0.001 -10"><span class='ocrx_word' id='word_1_150' title='bbox 281 1273 748 1326; x_wconf 72' lang='lat' dir='ltr'>fasciculam-spinosis.</span> <span class='ocrx_word' id='word_1_151' title='bbox 788 1273 856 1314; x_wconf 89' lang='lat' dir='ltr'>vel</span> <span class='ocrx_word' id='word_1_152' title='bbox 879 1272 1079 1325; x_wconf 85' lang='lat' dir='ltr'>capitulis</span> <span class='ocrx_word' id='word_1_153' title='bbox 1111 1271 1395 1314; x_wconf 80' lang='lat' dir='ltr'>inferioribus</span> <span class='ocrx_word' id='word_1_154' title='bbox 1426 1272 1637 1315; x_wconf 87' lang='lat' dir='ltr'>abortivis</span> <span class='ocrx_word' id='word_1_155' title='bbox 1670 1271 1832 1315; x_wconf 86' lang='lat' dir='ltr'>distant</span> <span class='ocrx_word' id='word_1_156' title='bbox 1854 1275 1896 1314; x_wconf 87' lang='lat' dir='ltr'>et</span> <span class='ocrx_word' id='word_1_157' title='bbox 1920 1284 1975 1315; x_wconf 85' lang='lat' dir='ltr'>ex</span> 
     </span>
     <span class='ocr_line' id='line_1_19' title="bbox 283 1330 1975 1385; baseline -0.001 -11"><span class='ocrx_word' id='word_1_158' title='bbox 283 1333 345 1374; x_wconf 86' lang='lat' dir='ltr'>eis</span> <span class='ocrx_word' id='word_1_159' title='bbox 372 1331 526 1373; x_wconf 87' lang='lat' dir='ltr'>merito</span> <span class='ocrx_word' id='word_1_160' title='bbox 552 1332 671 1373; x_wconf 87' lang='lat' dir='ltr'>amic.</span> <span class='ocrx_word' id='word_1_161' title='bbox 695 1344 719 1373; x_wconf 86' lang='lat' dir='ltr'>a</span> <span class='ocrx_word' id='word_1_162' title='bbox 741 1332 891 1382; x_wconf 79' lang='lat' dir='ltr'>Bunge</span> <span class='ocrx_word' id='word_1_163' title='bbox 924 1330 1137 1373; x_wconf 85' lang='lat' dir='ltr'>sectiones</span> <span class='ocrx_word' id='word_1_164' title='bbox 1173 1332 1373 1385; x_wconf 89' lang='lat' dir='ltr'>proprias</span> <span class='ocrx_word' id='word_1_165' title='bbox 1400 1331 1637 1381; x_wconf 80' lang='lat' dir='ltr'>constituit,</span> <span class='ocrx_word' id='word_1_166' title='bbox 1670 1331 1748 1373; x_wconf 90' lang='lat' dir='ltr'>sed</span> <span class='ocrx_word' id='word_1_167' title='bbox 1774 1343 1925 1374; x_wconf 86' lang='lat' dir='ltr'>omnes</span> <span class='ocrx_word' id='word_1_168' title='bbox 1951 1342 1975 1372; x_wconf 89' lang='lat' dir='ltr'>e</span> 
     </span>
     <span class='ocr_line' id='line_1_20' title="bbox 282 1389 1979 1445; baseline -0.001 -13"><span class='ocrx_word' id='word_1_169' title='bbox 282 1391 442 1433; x_wconf 87' lang='lat' dir='ltr'>ditione</span> <span class='ocrx_word' id='word_1_170' title='bbox 468 1393 591 1432; x_wconf 79' lang='lat' dir='ltr'>notra</span> <span class='ocrx_word' id='word_1_171' title='bbox 611 1391 777 1432; x_wconf 86' lang='lat' dir='ltr'>exules.</span> <span class='ocrx_word' id='word_1_172' title='bbox 813 1389 1065 1442; x_wconf 89' lang='lat' dir='ltr'>Specierum</span> <span class='ocrx_word' id='word_1_173' title='bbox 1092 1402 1327 1432; x_wconf 87' lang='lat' dir='ltr'>numerum</span> <span class='ocrx_word' id='word_1_174' title='bbox 1351 1391 1403 1433; x_wconf 91' lang='lat' dir='ltr'>ab</span> <span class='ocrx_word' id='word_1_175' title='bbox 1425 1390 1522 1432; x_wconf 88' lang='lat' dir='ltr'>aliis</span> <span class='ocrx_word' id='word_1_176' title='bbox 1546 1393 1588 1432; x_wconf 92' lang='lat' dir='ltr'>et</span> <span class='ocrx_word' id='word_1_177' title='bbox 1614 1401 1680 1431; x_wconf 90' lang='lat' dir='ltr'>me</span> <span class='ocrx_word' id='word_1_178' title='bbox 1713 1390 1809 1445; x_wconf 89' lang='lat' dir='ltr'>ipso</span> <span class='ocrx_word' id='word_1_179' title='bbox 1836 1402 1979 1445; x_wconf 87' lang='lat' dir='ltr'>quon-</span> 
     </span>
     <span class='ocr_line' id='line_1_21' title="bbox 284 1448 1979 1503; baseline 0 -12"><span class='ocrx_word' id='word_1_180' title='bbox 284 1450 381 1492; x_wconf 85' lang='lat' dir='ltr'>dam</span> <span class='ocrx_word' id='word_1_181' title='bbox 403 1450 737 1503; x_wconf 73' lang='lat' dir='ltr'>propositarum,</span> <span class='ocrx_word' id='word_1_182' title='bbox 762 1449 909 1491; x_wconf 88' lang='lat' dir='ltr'>formis</span> <span class='ocrx_word' id='word_1_183' title='bbox 933 1448 1206 1491; x_wconf 89' lang='lat' dir='ltr'>intermediis</span> <span class='ocrx_word' id='word_1_184' title='bbox 1235 1449 1477 1491; x_wconf 84' lang='lat' dir='ltr'>manifestis</span> <span class='ocrx_word' id='word_1_185' title='bbox 1501 1449 1759 1496; x_wconf 76' lang='lat' dir='ltr'>observatis,</span> <span class='ocrx_word' id='word_1_186' title='bbox 1783 1449 1908 1492; x_wconf 89' lang='lat' dir='ltr'>valde</span> <span class='ocrx_word' id='word_1_187' title='bbox 1935 1451 1979 1491; x_wconf 83' lang='lat' dir='ltr'>et</span> 
     </span>
     <span class='ocr_line' id='line_1_22' title="bbox 283 1507 1978 1563; baseline 0 -14"><span class='ocrx_word' id='word_1_188' title='bbox 283 1508 429 1550; x_wconf 83' lang='lat' dir='ltr'>forsan</span> <span class='ocrx_word' id='word_1_189' title='bbox 456 1519 537 1549; x_wconf 86' lang='lat' dir='ltr'>non</span> <span class='ocrx_word' id='word_1_190' title='bbox 561 1508 664 1549; x_wconf 83' lang='lat' dir='ltr'>satis</span> <span class='ocrx_word' id='word_1_191' title='bbox 690 1507 856 1549; x_wconf 82' lang='lat' dir='ltr'>reduxi.</span> <span class='ocrx_word' id='word_1_192' title='bbox 878 1507 1068 1549; x_wconf 84' lang='lat' dir='ltr'>Achenia</span> <span class='ocrx_word' id='word_1_193' title='bbox 1092 1511 1263 1550; x_wconf 89' lang='lat' dir='ltr'>matura</span> <span class='ocrx_word' id='word_1_194' title='bbox 1279 1512 1404 1550; x_wconf 87' lang='lat' dir='ltr'>notas</span> <span class='ocrx_word' id='word_1_195' title='bbox 1430 1509 1655 1562; x_wconf 82' lang='lat' dir='ltr'>specificas</span> <span class='ocrx_word' id='word_1_196' title='bbox 1678 1512 1794 1552; x_wconf 87' lang='lat' dir='ltr'>certe</span> <span class='ocrx_word' id='word_1_197' title='bbox 1816 1507 1978 1563; x_wconf 85' lang='lat' dir='ltr'>praebc-</span> 
     </span>
    </p>
   </div>
   <div class='ocr_carea' id='block_1_3' title="bbox 279 1566 1980 1679">
    <p class='ocr_par' dir='ltr' id='par_1_3' title="bbox 279 1566 1980 1679">
     <span class='ocr_line' id='line_1_23' title="bbox 280 1566 1980 1621; baseline 0 -13"><span class='ocrx_word' id='word_1_198' title='bbox 280 1569 392 1611; x_wconf 81' lang='lat' dir='ltr'>rent,</span> <span class='ocrx_word' id='word_1_199' title='bbox 419 1566 494 1608; x_wconf 92' lang='lat' dir='ltr'>sed</span> <span class='ocrx_word' id='word_1_200' title='bbox 517 1567 559 1607; x_wconf 90' lang='lat' dir='ltr'>in</span> <span class='ocrx_word' id='word_1_201' title='bbox 587 1566 802 1609; x_wconf 86' lang='lat' dir='ltr'>herbariis</span> <span class='ocrx_word' id='word_1_202' title='bbox 822 1566 874 1608; x_wconf 88' lang='lat' dir='ltr'>ob</span> <span class='ocrx_word' id='word_1_203' title='bbox 892 1566 1080 1620; x_wconf 87' lang='lat' dir='ltr'>capitula</span> <span class='ocrx_word' id='word_1_204' title='bbox 1104 1567 1271 1620; x_wconf 84' lang='lat' dir='ltr'>singula</span> <span class='ocrx_word' id='word_1_205' title='bbox 1298 1580 1321 1609; x_wconf 89' lang='lat' dir='ltr'>a</span> <span class='ocrx_word' id='word_1_206' title='bbox 1346 1568 1616 1621; x_wconf 87' lang='lat' dir='ltr'>rcceptaculo</span> <span class='ocrx_word' id='word_1_207' title='bbox 1643 1568 1850 1611; x_wconf 87' lang='lat' dir='ltr'>citissime</span> <span class='ocrx_word' id='word_1_208' title='bbox 1869 1567 1980 1609; x_wconf 90' lang='lat' dir='ltr'>deci-</span> 
     </span>
     <span class='ocr_line' id='line_1_24' title="bbox 279 1624 919 1679; baseline -0.002 -12"><span class='ocrx_word' id='word_1_209' title='bbox 279 1624 364 1667; x_wconf 90' lang='lat' dir='ltr'>dua</span> <span class='ocrx_word' id='word_1_210' title='bbox 390 1625 480 1667; x_wconf 84' lang='lat' dir='ltr'>fere</span> <span class='ocrx_word' id='word_1_211' title='bbox 503 1637 725 1679; x_wconf 88' lang='lat' dir='ltr'>nunquam</span> <span class='ocrx_word' id='word_1_212' title='bbox 747 1625 919 1668; x_wconf 90' lang='lat' dir='ltr'>adsunt.</span> 
     </span>
    </p>
   </div>
   <div class='ocr_carea' id='block_1_4' title="bbox 689 1765 1564 1818">
    <p class='ocr_par' dir='ltr' id='par_1_4' title="bbox 689 1765 1564 1818">
     <span class='ocr_line' id='line_1_25' title="bbox 689 1765 1564 1818; baseline 0 -9"><span class='ocrx_word' id='word_1_213' title='bbox 689 1765 938 1818; x_wconf 69' lang='lat' dir='ltr'>Specierum</span> <span class='ocrx_word' id='word_1_214' title='bbox 971 1766 1264 1809; x_wconf 79' lang='lat' dir='ltr'>Orientalium</span> <span class='ocrx_word' id='word_1_215' title='bbox 1298 1766 1564 1809; x_wconf 71' lang='lat' dir='ltr'>distributio.</span> 
     </span>
    </p>
   </div>
   <div class='ocr_carea' id='block_1_5' title="bbox 341 1898 1986 2369">
    <p class='ocr_par' dir='ltr' id='par_1_5' title="bbox 341 1898 1986 2369">
     <span class='ocr_line' id='line_1_26' title="bbox 341 1898 1982 1956; baseline 0.001 -15"><span class='ocrx_word' id='word_1_216' title='bbox 341 1898 460 1942; x_wconf 77' lang='lat' dir='ltr'>SECT.</span> <span class='ocrx_word' id='word_1_217' title='bbox 495 1900 524 1941; x_wconf 91' lang='lat' dir='ltr'>I.</span> <span class='ocrx_word' id='word_1_218' title='bbox 560 1899 775 1942; x_wconf 74' lang='lat' dir='ltr'>Rirnones</span> <span class='ocrx_word' id='word_1_219' title='bbox 809 1900 907 1953; x_wconf 84' lang='lat' dir='ltr'>Bge.</span> <span class='ocrx_word' id='word_1_220' title='bbox 949 1900 1220 1955; x_wconf 82' lang='lat' dir='ltr'>(charactere</span> <span class='ocrx_word' id='word_1_221' title='bbox 1257 1905 1299 1945; x_wconf 87' lang='lat' dir='ltr'>et</span> <span class='ocrx_word' id='word_1_222' title='bbox 1326 1901 1731 1954; x_wconf 86' lang='lat' dir='ltr'>circumscriptione</span> <span class='ocrx_word' id='word_1_223' title='bbox 1764 1899 1982 1956; x_wconf 82' lang='lat' dir='ltr'>mutatis).</span> 
     </span>
     <span class='ocr_line' id='line_1_27' title="bbox 579 1958 1980 2015; baseline 0 -15"><span class='ocrx_word' id='word_1_224' title='bbox 579 1958 794 2001; x_wconf 86' lang='lat' dir='ltr'>Involucri</span> <span class='ocrx_word' id='word_1_225' title='bbox 824 1960 1018 2013; x_wconf 86' lang='lat' dir='ltr'>partialis</span> <span class='ocrx_word' id='word_1_226' title='bbox 1047 1960 1190 2014; x_wconf 86' lang='lat' dir='ltr'>phylla</span> <span class='ocrx_word' id='word_1_227' title='bbox 1216 1961 1411 2015; x_wconf 82' lang='lat' dir='ltr'>(Except.</span> <span class='ocrx_word' id='word_1_228' title='bbox 1439 1959 1488 2002; x_wconf 88' lang='lat' dir='ltr'>E.</span> <span class='ocrx_word' id='word_1_229' title='bbox 1517 1959 1730 2003; x_wconf 71' lang='lat' dir='ltr'>chctiano</span> <span class='ocrx_word' id='word_1_230' title='bbox 1753 1962 1795 2002; x_wconf 89' lang='lat' dir='ltr'>et</span> <span class='ocrx_word' id='word_1_231' title='bbox 1816 1961 1980 2001; x_wconf 79' lang='lat' dir='ltr'>cerato--</span> 
     </span>
     <span class='ocr_line' id='line_1_28' title="bbox 570 2017 1986 2074; baseline 0.001 -16"><span class='ocrx_word' id='word_1_232' title='bbox 570 2017 735 2072; x_wconf 78' lang='lat' dir='ltr'>phoro)</span> <span class='ocrx_word' id='word_1_233' title='bbox 758 2020 808 2060; x_wconf 85' lang='grc'>16</span> <span class='ocrx_word' id='word_1_234' title='bbox 831 2020 894 2060; x_wconf 90' lang='lat' dir='ltr'>vel</span> <span class='ocrx_word' id='word_1_235' title='bbox 915 2020 1053 2073; x_wconf 87' lang='lat' dir='ltr'>plura,</span> <span class='ocrx_word' id='word_1_236' title='bbox 1070 2021 1203 2074; x_wconf 86' lang='lat' dir='ltr'>quina</span> <span class='ocrx_word' id='word_1_237' title='bbox 1220 2020 1370 2063; x_wconf 88' lang='lat' dir='ltr'>intima</span> <span class='ocrx_word' id='word_1_238' title='bbox 1386 2020 1556 2062; x_wconf 88' lang='lat' dir='ltr'>inferne</span> <span class='ocrx_word' id='word_1_239' title='bbox 1576 2019 1675 2073; x_wconf 89' lang='lat' dir='ltr'>plus</span> <span class='ocrx_word' id='word_1_240' title='bbox 1692 2019 1837 2062; x_wconf 90' lang='lat' dir='ltr'>minus</span> <span class='ocrx_word' id='word_1_241' title='bbox 1856 2019 1986 2071; x_wconf 72' lang='lat' dir='ltr'>longev</span> 
     </span>
     <span class='ocr_line' id='line_1_29' title="bbox 578 2076 1985 2131; baseline 0.001 -14"><span class='ocrx_word' id='word_1_242' title='bbox 578 2076 623 2117; x_wconf 87' lang='lat' dir='ltr'>in</span> <span class='ocrx_word' id='word_1_243' title='bbox 650 2077 800 2118; x_wconf 89' lang='lat' dir='ltr'>tubum</span> <span class='ocrx_word' id='word_1_244' title='bbox 826 2078 1111 2131; x_wconf 84' lang='lat' dir='ltr'>cylindricum</span> <span class='ocrx_word' id='word_1_245' title='bbox 1139 2080 1518 2122; x_wconf 89' lang='lat' dir='ltr'>membranaceum</span> <span class='ocrx_word' id='word_1_246' title='bbox 1546 2083 1760 2121; x_wconf 85' lang='lat' dir='ltr'>concreta.</span> <span class='ocrx_word' id='word_1_247' title='bbox 1785 2076 1985 2120; x_wconf 73' lang='lat' dir='ltr'>Penicilli</span> 
     </span>
     <span class='ocr_line' id='line_1_30' title="bbox 574 2135 1981 2192; baseline 0.001 -16"><span class='ocrx_word' id='word_1_248' title='bbox 574 2138 676 2177; x_wconf 84' lang='lat' dir='ltr'>setae</span> <span class='ocrx_word' id='word_1_249' title='bbox 721 2136 904 2178; x_wconf 76' lang='lat' dir='ltr'>internae</span> <span class='ocrx_word' id='word_1_250' title='bbox 947 2141 990 2179; x_wconf 88' lang='lat' dir='ltr'>et</span> <span class='ocrx_word' id='word_1_251' title='bbox 1032 2138 1179 2192; x_wconf 87' lang='lat' dir='ltr'>phylla</span> <span class='ocrx_word' id='word_1_252' title='bbox 1222 2142 1403 2180; x_wconf 86' lang='lat' dir='ltr'>externa</span> <span class='ocrx_word' id='word_1_253' title='bbox 1447 2141 1570 2191; x_wconf 86' lang='lat' dir='ltr'>parte</span> <span class='ocrx_word' id='word_1_254' title='bbox 1613 2137 1811 2179; x_wconf 80' lang='lat' dir='ltr'>inferiori</span> <span class='ocrx_word' id='word_1_255' title='bbox 1859 2135 1981 2179; x_wconf 88' lang='lat' dir='ltr'>tenui</span> 
     </span>
     <span class='ocr_line' id='line_1_31' title="bbox 578 2192 1986 2252; baseline 0.001 -18"><span class='ocrx_word' id='word_1_256' title='bbox 578 2192 773 2247; x_wconf 83' lang='lat' dir='ltr'>(Except.</span> <span class='ocrx_word' id='word_1_257' title='bbox 804 2195 851 2235; x_wconf 86' lang='lat' dir='ltr'>E.</span> <span class='ocrx_word' id='word_1_258' title='bbox 882 2196 1211 2252; x_wconf 73' lang='lat' dir='ltr'>Maraeandico)</span> <span class='ocrx_word' id='word_1_259' title='bbox 1233 2198 1446 2251; x_wconf 86' lang='lat' dir='ltr'>pinnatim</span> <span class='ocrx_word' id='word_1_260' title='bbox 1471 2199 1513 2239; x_wconf 89' lang='lat' dir='ltr'>et</span> <span class='ocrx_word' id='word_1_261' title='bbox 1538 2197 1662 2249; x_wconf 82' lang='lat' dir='ltr'>longe</span> <span class='ocrx_word' id='word_1_262' title='bbox 1683 2196 1838 2239; x_wconf 80' lang='lat' dir='ltr'>cili-ata.</span> <span class='ocrx_word' id='word_1_263' title='bbox 1858 2194 1986 2248; x_wconf 89' lang='lat' dir='ltr'>Capi-</span> 
     </span>
     <span class='ocr_line' id='line_1_32' title="bbox 577 2252 1982 2308; baseline 0.001 -15"><span class='ocrx_word' id='word_1_264' title='bbox 577 2252 666 2294; x_wconf 90' lang='lat' dir='ltr'>tula</span> <span class='ocrx_word' id='word_1_265' title='bbox 704 2254 931 2306; x_wconf 85' lang='lat' dir='ltr'>superiora</span> <span class='ocrx_word' id='word_1_266' title='bbox 969 2255 1011 2297; x_wconf 92' lang='lat' dir='ltr'>in</span> <span class='ocrx_word' id='word_1_267' title='bbox 1054 2256 1284 2308; x_wconf 90' lang='lat' dir='ltr'>speciebus</span> <span class='ocrx_word' id='word_1_268' title='bbox 1314 2256 1534 2298; x_wconf 88' lang='lat' dir='ltr'>nonnullis</span> <span class='ocrx_word' id='word_1_269' title='bbox 1562 2255 1784 2298; x_wconf 87' lang='lat' dir='ltr'>interdum</span> <span class='ocrx_word' id='word_1_270' title='bbox 1813 2253 1982 2298; x_wconf 81' lang='lat' dir='ltr'>sterilia</span> 
     </span>
     <span class='ocr_line' id='line_1_33' title="bbox 579 2312 1639 2369; baseline 0.005 -17"><span class='ocrx_word' id='word_1_271' title='bbox 579 2315 682 2353; x_wconf 86' lang='lat' dir='ltr'>sunt</span> <span class='ocrx_word' id='word_1_272' title='bbox 707 2312 854 2366; x_wconf 86' lang='lat' dir='ltr'>phyllo</span> <span class='ocrx_word' id='word_1_273' title='bbox 878 2314 1014 2356; x_wconf 90' lang='lat' dir='ltr'>altero</span> <span class='ocrx_word' id='word_1_274' title='bbox 1037 2314 1079 2356; x_wconf 88' lang='lat' dir='ltr'>in</span> <span class='ocrx_word' id='word_1_275' title='bbox 1104 2327 1238 2357; x_wconf 87' lang='lat' dir='ltr'>cornu</span> <span class='ocrx_word' id='word_1_276' title='bbox 1264 2315 1436 2369; x_wconf 85' lang='lat' dir='ltr'>longum</span> <span class='ocrx_word' id='word_1_277' title='bbox 1460 2317 1639 2357; x_wconf 89' lang='lat' dir='ltr'>mutato.</span> 
     </span>
    </p>
   </div>
   <div class='ocr_carea' id='block_1_6' title="bbox 776 2416 1485 2466">
    <p class='ocr_par' dir='ltr' id='par_1_6' title="bbox 776 2416 1485 2466">
     <span class='ocr_line' id='line_1_34' title="bbox 776 2416 1485 2466; baseline 0.004 -14"><span class='ocrx_word' id='word_1_278' title='bbox 776 2416 794 2434; x_wconf 74' lang='lat'><strong>¹</strong></span> <span class='ocrx_word' id='word_1_279' title='bbox 819 2416 1018 2455; x_wconf 87' lang='lat' dir='ltr'>Involucri</span> <span class='ocrx_word' id='word_1_280' title='bbox 1033 2418 1174 2466; x_wconf 86' lang='lat' dir='ltr'>phylla</span> <span class='ocrx_word' id='word_1_281' title='bbox 1188 2421 1321 2456; x_wconf 86' lang='lat' dir='ltr'>omnia</span> <span class='ocrx_word' id='word_1_282' title='bbox 1336 2420 1485 2466; x_wconf 85' lang='lat' dir='ltr'>glabra.</span> 
     </span>
    </p>
   </div>
   <div class='ocr_carea' id='block_1_7' title="bbox 285 2493 1984 2591">
    <p class='ocr_par' dir='ltr' id='par_1_7' title="bbox 285 2493 1984 2591">
     <span class='ocr_line' id='line_1_35' title="bbox 333 2493 1984 2546; baseline 0.002 -16"><span class='ocrx_word' id='word_1_283' title='bbox 333 2493 377 2529; x_wconf 86' lang='grc' dir='ltr'>Ε.</span> <span class='ocrx_word' id='word_1_284' title='bbox 397 2493 575 2540; x_wconf 77' lang='grc' dir='ltr'><strong><em>Ηαεεοηῖ,</em></strong></span> <span class='ocrx_word' id='word_1_285' title='bbox 593 2495 787 2542; x_wconf 77' lang='lat' dir='ltr'>horridus,</span> <span class='ocrx_word' id='word_1_286' title='bbox 807 2498 998 2546; x_wconf 72' lang='lat' dir='ltr'>mam-oph</span> <span class='ocrx_word' id='word_1_287' title='bbox 1026 2499 1111 2544; x_wconf 81' lang='lat' dir='ltr'>llus,</span> <span class='ocrx_word' id='word_1_288' title='bbox 1128 2498 1355 2546; x_wconf 69' lang='lat' dir='ltr'>Jezdmnus,</span> <span class='ocrx_word' id='word_1_289' title='bbox 1371 2499 1562 2545; x_wconf 78' lang='lat' dir='ltr'>Szovz&#39;tsz‘z‘‚</span> <span class='ocrx_word' id='word_1_290' title='bbox 1579 2497 1858 2546; x_wconf 60' lang='lat' dir='ltr'>glaber-rimus,</span> <span class='ocrx_word' id='word_1_291' title='bbox 1872 2506 1984 2534; x_wconf 84' lang='lat' dir='ltr'>cera·</span> 
     </span>
     <span class='ocr_line' id='line_1_36' title="bbox 285 2541 1281 2591; baseline 0.005 -14"><span class='ocrx_word' id='word_1_292' title='bbox 285 2541 481 2588; x_wconf 77' lang='lat' dir='ltr'>topkorus,</span> <span class='ocrx_word' id='word_1_293' title='bbox 496 2544 674 2588; x_wconf 77' lang='lat' dir='ltr'>rz&#39;trodes‚</span> <span class='ocrx_word' id='word_1_294' title='bbox 693 2544 936 2591; x_wconf 66' lang='lat' dir='ltr'>Jmurtz‘cus,</span> <span class='ocrx_word' id='word_1_295' title='bbox 1001 2547 1281 2584; x_wconf 79' lang='lat' dir='ltr'>aracandz‘eus.</span> 
     </span>
    </p>
   </div>
   <div class='ocr_carea' id='block_1_8' title="bbox 401 2637 1863 2736">
    <p class='ocr_par' dir='ltr' id='par_1_8' title="bbox 401 2637 1863 2736">
     <span class='ocr_line' id='line_1_37' title="bbox 401 2637 1863 2726; baseline 0.001 -51"><span class='ocrx_word' id='word_1_296' title='bbox 401 2637 419 2655; x_wconf 68' lang='lat'>²</span> <span class='ocrx_word' id='word_1_297' title='bbox 447 2638 465 2655; x_wconf 77' lang='lat'><em>&#39;</em></span> <span class='ocrx_word' id='word_1_298' title='bbox 490 2639 685 2677; x_wconf 87' lang='lat' dir='ltr'>Involucri</span> <span class='ocrx_word' id='word_1_299' title='bbox 702 2641 842 2688; x_wconf 83' lang='lat' dir='ltr'>phylla</span> <span class='ocrx_word' id='word_1_300' title='bbox 854 2642 995 2678; x_wconf 81' lang='lat' dir='ltr'>saltem</span> <span class='ocrx_word' id='word_1_301' title='bbox 1013 2645 1173 2726; x_wconf 55' lang='grc' dir='ltr'>θῗὶθὲηεί</span> <span class='ocrx_word' id='word_1_302' title='bbox 1192 2643 1339 2690; x_wconf 85' lang='lat' dir='ltr'>saepius</span> <span class='ocrx_word' id='word_1_303' title='bbox 1357 2642 1537 2679; x_wconf 84' lang='lat' dir='ltr'>lanatula</span> <span class='ocrx_word' id='word_1_304' title='bbox 1555 2644 1779 2679; x_wconf 85' lang='lat' dir='ltr'>tomentosa</span> <span class='ocrx_word' id='word_1_305' title='bbox 1797 2641 1863 2678; x_wconf 86' lang='lat' dir='ltr'>vel</span> 
     </span>
     <span class='ocr_line' id='line_1_38' title="bbox 1010 2700 1256 2736; baseline 0.012 -12"><span class='ocrx_word' id='word_1_306' title='bbox 1010 2700 1034 2736; x_wconf 80' lang='lat' dir='ltr'>g</span> <span class='ocrx_word' id='word_1_307' title='bbox 1052 2701 1100 2725; x_wconf 87' lang='lat' dir='ltr'>an</span> <span class='ocrx_word' id='word_1_308' title='bbox 1135 2702 1157 2726; x_wconf 92' lang='lat' dir='ltr'>u</span> <span class='ocrx_word' id='word_1_309' title='bbox 1177 2701 1256 2727; x_wconf 84' lang='lat' dir='ltr'>osa.</span> 
     </span>
    </p>
   </div>
   <div class='ocr_carea' id='block_1_9' title="bbox 331 2763 1801 2816">
    <p class='ocr_par' dir='ltr' id='par_1_9' title="bbox 331 2763 1801 2816">
     <span class='ocr_line' id='line_1_39' title="bbox 331 2763 1801 2816; baseline 0.002 -16"><span class='ocrx_word' id='word_1_310' title='bbox 331 2763 376 2800; x_wconf 86' lang='lat' dir='ltr'>E.</span> <span class='ocrx_word' id='word_1_311' title='bbox 394 2766 581 2812; x_wconf 81' lang='lat' dir='ltr'>spinosus,</span> <span class='ocrx_word' id='word_1_312' title='bbox 601 2766 780 2811; x_wconf 78' lang='lat' dir='ltr'>viscosus,</span> <span class='ocrx_word' id='word_1_313' title='bbox 805 2766 1058 2815; x_wconf 80' lang='lat' dir='ltr'>Gaillardoti,</span> <span class='ocrx_word' id='word_1_314' title='bbox 1076 2768 1369 2815; x_wconf 74' lang='lat' dir='ltr'>Blanekeanus,</span> <span class='ocrx_word' id='word_1_315' title='bbox 1383 2769 1587 2816; x_wconf 78' lang='lat' dir='ltr'>hebelepis‚</span> <span class='ocrx_word' id='word_1_316' title='bbox 1604 2767 1801 2805; x_wconf 74' lang='lat' dir='ltr'>dz&#39;ehrous.</span> 
     </span>
    </p>
   </div>
   <div class='ocr_carea' id='block_1_10' title="bbox 345 2886 1986 3072">
    <p class='ocr_par' dir='ltr' id='par_1_10' title="bbox 345 2886 1986 3072">
     <span class='ocr_line' id='line_1_40' title="bbox 345 2886 1983 2955; baseline 0.001 -17"><span class='ocrx_word' id='word_1_317' title='bbox 345 2896 465 2939; x_wconf 78' lang='lat' dir='ltr'>SECT.</span> <span class='ocrx_word' id='word_1_318' title='bbox 500 2886 550 2940; x_wconf 82' lang='lat' dir='ltr'>Is.</span> <span class='ocrx_word' id='word_1_319' title='bbox 585 2899 840 2942; x_wconf 68' lang='lat' dir='ltr'>Omeocsspis</span> <span class='ocrx_word' id='word_1_320' title='bbox 872 2901 993 2955; x_wconf 68' lang='lat' dir='ltr'>(Bge.</span> <span class='ocrx_word' id='word_1_321' title='bbox 1021 2901 1094 2943; x_wconf 92' lang='lat' dir='ltr'>loc.</span> <span class='ocrx_word' id='word_1_322' title='bbox 1123 2902 1191 2944; x_wconf 92' lang='lat' dir='ltr'>cit.</span> <span class='ocrx_word' id='word_1_323' title='bbox 1221 2901 1470 2944; x_wconf 81' lang='lat' dir='ltr'>charactere</span> <span class='ocrx_word' id='word_1_324' title='bbox 1501 2904 1545 2943; x_wconf 88' lang='lat' dir='ltr'>et</span> <span class='ocrx_word' id='word_1_325' title='bbox 1576 2898 1983 2952; x_wconf 80' lang='lat' dir='ltr'>circumscriptione</span> 
     </span>
     <span class='ocr_line' id='line_1_41' title="bbox 583 2955 1986 3015; baseline -0.001 -16"><span class='ocrx_word' id='word_1_326' title='bbox 583 2960 791 3010; x_wconf 84' lang='lat' dir='ltr'>mutatis).</span> <span class='ocrx_word' id='word_1_327' title='bbox 834 2960 1052 3002; x_wconf 90' lang='lat' dir='ltr'>Involucri</span> <span class='ocrx_word' id='word_1_328' title='bbox 1083 2960 1278 3014; x_wconf 86' lang='lat' dir='ltr'>partialis</span> <span class='ocrx_word' id='word_1_329' title='bbox 1316 2960 1465 3015; x_wconf 87' lang='lat' dir='ltr'>phylla</span> <span class='ocrx_word' id='word_1_330' title='bbox 1500 2959 1699 3015; x_wconf 82' lang='lat' dir='ltr'>(Except.</span> <span class='ocrx_word' id='word_1_331' title='bbox 1721 2957 1772 3000; x_wconf 89' lang='lat' dir='ltr'>E.</span> <span class='ocrx_word' id='word_1_332' title='bbox 1808 2955 1986 3012; x_wconf 82' lang='lat' dir='ltr'>Groeco)</span> 
     </span>
     <span class='ocr_line' id='line_1_42' title="bbox 587 3017 1984 3072; baseline 0.001 -15"><span class='ocrx_word' id='word_1_333' title='bbox 587 3017 807 3069; x_wconf 76' lang='lat' dir='ltr'>11-15-na,</span> <span class='ocrx_word' id='word_1_334' title='bbox 832 3018 965 3072; x_wconf 88' lang='lat' dir='ltr'>quina</span> <span class='ocrx_word' id='word_1_335' title='bbox 989 3019 1142 3062; x_wconf 88' lang='lat' dir='ltr'>intima</span> <span class='ocrx_word' id='word_1_336' title='bbox 1165 3020 1277 3062; x_wconf 86' lang='lat' dir='ltr'>ultra</span> <span class='ocrx_word' id='word_1_337' title='bbox 1302 3019 1492 3062; x_wconf 89' lang='lat' dir='ltr'>medium</span> <span class='ocrx_word' id='word_1_338' title='bbox 1523 3019 1566 3060; x_wconf 92' lang='lat' dir='ltr'>in</span> <span class='ocrx_word' id='word_1_339' title='bbox 1590 3018 1744 3062; x_wconf 90' lang='lat' dir='ltr'>tubum</span> <span class='ocrx_word' id='word_1_340' title='bbox 1777 3017 1984 3069; x_wconf 82' lang='lat' dir='ltr'>oblongo·</span> 
     </span>
    </p>
   </div>
  </div>
 </body>
</html>
