2090 3291
266 195 343 231 560
1007 205 1252 232 composrrAE.
1721 201 1973 248 Onopordon.

316 274 415 309 Hab.
444 275 485 309 in
513 274 671 309 incultis
698 278 734 309 et
764 275 957 311 ruderatis
977 275 1101 312 Cretae
1125 276 1280 322 (Simu,
1298 277 1445 322 Raull),
1464 278 1724 325 Peloponnesi
1755 281 1805 316 ad
1825 282 1976 319 radices

268 321 459 366 Kyllenes
477 331 599 368 supra
618 321 782 357 Trikala
800 322 987 368 (Heldrt).

327 407 366 445 y.
407 385 675 439 Argolicum.
702 412 754 418 -
780 388 1060 431 involucrum
1096 392 1254 442 praeter
1276 389 1504 443 glandulas
1538 391 1674 446 magis
1705 405 1980 442 araneosum,

267 448 405 500 spinae
431 445 635 488 foliorum
657 450 700 488 et
721 447 891 489 alarum
915 447 979 489 eis
1005 460 1093 489 var.
1115 447 1145 501 β
1171 449 1405 491 tenuiores.
1429 449 1493 491 Ex
1520 451 1833 504 speciminibus
1856 455 1980 495 aetate

267 518 355 547 non
386 508 453 547 sat
483 505 702 558 provectis
734 507 857 559 prius
892 505 1159 549 distinctum.
1197 531 1245 536 —
1280 505 1326 549 0.
1356 507 1614 560 Argolicum
1649 508 1788 552 Boiss.
1825 511 1977 564 Diagn.

264 564 360 606 Ser.
375 564 408 612 I,
427 564 492 615 10,
514 577 554 618 p.
580 565 648 606 91.
670 588 723 593 -
743 563 788 607 Ο.
805 564 1109 618 corymboszom
1136 564 1387 608 Willkomm
1404 566 1557 621 Pugill.
1582 568 1638 610 Ν0
1655 569 1709 610 33
1738 581 1821 611 non
1836 569 1976 612 Boiss.

314 637 415 672 Hab.
431 637 481 672 ad
496 637 531 672 N
534 637 711 684 aupliam
738 637 941 684 Argolidis
956 637 1136 682 (Boissl),
1151 637 1193 673 in
1213 638 1344 674 insula
1358 638 1479 675 Chios
1494 638 1621 686 (Oi-ph
1633 642 1671 685 l),
1683 640 1813 676 Thera
1825 640 1978 686 (Sam).

315 701 461 747 Phylla
489 705 650 737 externa
675 701 872 738 involucri
900 702 1129 749 plantarum
1151 701 1413 739 Orientalium
1439 704 1494 740 eis
1523 702 1829 752 Monspeliensis
1851 706 1977 752 magis

267 748 405 794 patula
423 751 461 784 et
478 749 639 795 longius
657 750 829 796 spinosa.

312 812 373 847 Ar.
394 811 525 857 Geoqr.
553 810 667 847 ltalia
682 812 878 858 australis,
899 812 1029 848 Gallia
1050 813 1248 859 australis,
1266 814 1500 859 Arragonia.

326 926 366 967 4.
400 923 457 968 Ο.
492 925 919 980 corymbosum
952 925 1111 982 (Boiss.
1137 927 1182 969 in
1212 926 1370 981 Bourg.
1400 928 1454 981 pl.
1488 926 1587 981 Lyc.
1618 939 1708 970 exs.
1749 929 1860 970 1860
1892 942 1979 972 non

264 984 413 1027 Willk.
448 983 577 1038 Pug.)
610 985 867 1038 parcissime
898 997 1162 1029 araneosum
1190 985 1329 1029 viride
1367 986 1533 1029 minute
1566 987 1975 1040 glanduloso-visci-

265 1045 383 1094 dnm,
418 1044 541 1086 caule
576 1044 832 1097 corymbose
868 1056 1041 1087 ramoso
1080 1049 1125 1088 ut
1161 1049 1204 1088 et
1240 1046 1352 1087 rami
1388 1046 1697 1098 angustissime
1732 1047 1978 1100 spinuloso³

262 1104 387 1151 alato,
405 1102 520 1145 foliis
543 1102 792 1146 lanceolatis
814 1103 858 1144 in
882 1108 1106 1156 segmenta
1128 1104 1413 1157 triangularia
1436 1104 1651 1158 profunde
1676 1105 1817 1148 lobata
1838 1107 1977 1149 tenui·

260 1165 329 1205 ter
365 1162 543 1216 spinosa
581 1162 901 1216 pinnatisectis,
942 1163 1116 1206 racliide
1155 1163 1399 1216 spinulosa,
1440 1163 1641 1218 capitulis
1682 1164 1974 1208 mediocribus

261 1220 604 1274 ovato-globosis
631 1220 725 1263 basi
751 1222 979 1272 truncatis,
1006 1222 1222 1265 involucri
1246 1221 1385 1276 glabri
1411 1223 1572 1276 phyllis
1597 1224 1792 1276 margine
1816 1223 1981 1266 scabri·

263 1280 330 1322 dis
356 1280 592 1334 purpureis
617 1279 867 1323 lanceolatis
891 1281 1034 1335 planis
1058 1293 1251 1335 superne
1275 1281 1565 1324 subcarinatis
1588 1282 1778 1325 acerosis
1802 1282 1854 1325 ab
1871 1283 1981 1326 infe-

261 1339 456 1382 rioribus
482 1339 871 1382 recurvo-reflexis
895 1340 949 1383 ad
978 1340 1128 1383 intima
1152 1345 1296 1383 erecta
1321 1340 1517 1383 flosculis
1544 1340 1834 1384 subbreviora
1856 1342 1977 1384 elon-

257 1399 372 1451 gatis
398 1402 521 1452 parte
545 1398 709 1440 reflexa
733 1398 930 1441 inferiori
954 1399 1178 1453 adpressae
1199 1399 1549 1454 sesquilongiore
1572 1399 1642 1454 .-

310 1472 414 1509 Hab.
434 1472 477 1507 in
498 1472 617 1518 Lycia
634 1482 754 1519 prope
773 1472 931 1508 Elmalu
948 1473 1112 1518 (Bourg.
1131 1473 1246 1515 149!›,
1263 1474 1304 1508 in
1323 1473 1460 1508 Cilicia
1477 1473 1666 1509 Trachaea
1683 1474 1870 1519 (Peronin
1883 1476 1923 1519 l).

309 1535 452 1572 Pedale
470 1536 534 1572 vel
554 1536 747 1583 bipedale,
764 1536 996 1572 indumento
1014 1538 1127 1573 affine
1142 1536 1182 1574 O.
1200 1536 1379 1582 Tam-ico,
1397 1537 1467 1573 sed
1484 1537 1579 1573 folia
1590 1538 1861 1584 pinnatisecta,
1874 1540 1980 1586 capi-

262 1584 348 1619 tula
366 1585 531 1628 minora,
549 1584 800 1619 involucrum
820 1583 1005 1629 glabrum
1023 1584 1173 1631 phyllis
1193 1595 1360 1632 superne
1380 1595 1460 1620 non
1481 1584 1596 1621 valde
1615 1586 1827 1621 attenuatis
1844 1586 1915 1622 sed
1936 1589 1979 1622 ut

265 1631 305 1666 in
328 1630 368 1668 O.
389 1630 550 1678 Illyrico
568 1630 799 1666 lanceolatis
818 1631 960 1678 planis.

325 1747 367 1787 5.
403 1744 463 1789 Ο.
501 1744 811 1800 Illyricum
845 1744 915 1800 (L.
944 1745 1019 1801 Sp.
1056 1747 1189 1801 1158)
1223 1750 1363 1789 totum
1389 1746 1596 1800 adpresse
1623 1751 1666 1789 et
1691 1747 1743 1790 ad
1771 1748 1976 1792 foliorum

263 1804 466 1858 paginam
489 1804 743 1847 inferiorem
779 1806 999 1859 copiosius
1033 1809 1474 1858 tomentoso·canum,
1510 1806 1781 1853 cauleelato
1815 1808 1977 1862 saepius

265 1875 459 1918 superne
496 1876 668 1907 ramoso
695 1865 776 1908 alis
811 1865 1015 1920 pluribus
1042 1864 1241 1916 angustis
1275 1865 1794 1920 dentato-spinosissimis
1824 1868 1980 1921 margi-

263 1929 381 1973 nato,
409 1923 521 1966 foliis
557 1924 821 1967 radicalibus
858 1925 1012 1978 amplis
1046 1924 1502 1977 lanceolam-oblongis
1530 1924 1574 1966 in
1612 1924 1787 1968 lacinias
1814 1925 1978 1969 iterum

267 1981 430 2025 lobatas
475 1983 677 2036 spinosas
726 1983 995 2038 pinnatifidis
1041 1984 1297 2038 partitisve,
1343 1982 1529 2026 caulinis
1579 1983 1704 2027 valde
1750 1983 1978 2028 diminutis

265 2041 620 2091 decurrentibus,
648 2043 851 2097 capitulis
881 2044 1048 2096 magnis
1076 2043 1287 2097 depresse
1315 2042 1506 2097 globosis
1535 2042 1629 2086 basi
1656 2046 1980 2088 truncato-con-

261 2101 396 2151 cavis,
418 2101 637 2144 involucri
666 2103 759 2145 basi
783 2103 985 2145 araneosi
1009 2103 1078 2146 vel
1104 2102 1288 2155 glabrati
1314 2101 1472 2156 phyllis
1497 2101 1549 2143 ab
1575 2101 1737 2144 intimis
1765 2101 1976 2146 brevibus

264 2159 610 2213 triangularibus
646 2161 700 2203 ad
734 2161 943 2204 interiora
981 2162 1145 2206 sensim
1183 2162 1320 2204 auctis
1358 2161 1596 2214 purpureis
1635 2165 1793 2214 praeter
1825 2161 1977 2205 intima

260 2219 582 2273 erecto-patula
609 2221 770 2275 saepius
795 2218 1181 2264 recurvo-reflexis
1209 2224 1332 2275 parte
1359 2219 1526 2262 reflexa
1550 2220 1748 2264 inferIOri
1773 2219 1985 2273 adpressa

258 2278 511 2331 aequilonga
544 2280 612 2321 vel
648 2279 780 2333 duplo
815 2280 1022 2332 longiore,
1058 2279 1252 2322 flosculis
1287 2277 1764 2334 glanduloso-viscidis‚
1791 2279 1984 2323 acheniis

267 2338 506 2391 tetragonis
543 2337 629 2381 hilo
665 2339 923 2382 semilunari
954 2339 1024 2394 Θ.
1052 2339 1107 2381 Ic.
1144 2337 1263 2392 Jacq.
1293 2337 1478 2381 vindob.
1517 2338 1600 2380 tab.
1641 2339 1736 2380 148.
1766 2361 1822 2368 -
1846 2337 1980 2381 Rchb.

266 2396 351 2438 tab.
384 2397 455 2438 83.
491 2420 536 2430 —
561 2395 607 2439 0.
639 2396 892 2450 elongatum
921 2398 1038 2440 Lam.
1066 2398 1130 2441 Fl.
1167 2399 1238 2440 Fr.
1266 2397 1320 2449 Il,
1347 2411 1388 2452 p.
1415 2398 1455 2439 6.
1487 2420 1541 2428 —
1566 2395 1611 2439 Ο.
1641 2395 1845 2439 Groecum
1871 2395 1981 2440 Gon.

264 2454 328 2497 Ill.
364 2456 449 2498 tab.
488 2457 541 2498 25
578 2468 658 2498 nec
695 2456 898 2499 Car-decus
936 2455 1114 2500 Graecus
1143 2468 1337 2509 parvas,
1370 2460 1450 2499 etc.
1486 2456 1649 2499 Tourn.
1684 2454 1780 2498 Cor.
1818 2456 1887 2498 31.
1933 2480 1980 2486 -

266 2512 311 2555 O.
332 2512 553 2557 Orientale
570 2516 677 2558 Mill.
700 2515 809 2558 Dict.
831 2515 889 2558 Νο
908 2517 947 2558 4.
967 2541 1021 2547 -
1038 2515 1083 2559 Ο.
1101 2514 1336 2558 horridum
1353 2514 1449 2557 Viv.
1471 2539 1522 2545 —
1545 2513 1825 2557 &Rhode-nse
1842 2515 1982 2559 Boiss.

270 2572 315 2614 in
346 2572 503 2628 Bourg.
523 2586 616 2618 exs.

310 2645 411 2682 Hah.
431 2648 469 2682 in
490 2648 649 2684 incultis
666 2652 703 2684 et
723 2648 917 2684 rudet-atis
936 2648 1198 2695 Peloponnesi
1217 2653 1254 2684 et
1273 2647 1480 2684 Messeniae
1496 2647 1622 2692 (herb.
1644 2646 1982 2692 Fauchel),Thra-

263 2694 331 2728 cia³⁴
354 2694 509 2738 (Friv!).
524 2695 776 2743 Archipelagi
797 2696 942 2741 (Urvi).
962 2695 1089 2731 Rhodi
1107 2695 1303 2741 (Bourgl),
1318 2695 1453 2741 Lydiae
1470 2704 1590 2741 prope
1605 2693 1818 2739 Smyrnam
1839 2694 1981 2741 (Ball),

264 2739 390 2775 Cariae
410 2742 461 2777 ad
478 2742 633 2779 Tralles
652 2743 833 2788 (Boissl).
852 2742 974 2778 Tauri
991 2742 1141 2779 Cilicici
1158 2743 1283 2788 [Kyl),
1303 2741 1429 2788 Syriae
1449 2741 1621 2777 borealis
1641 2751 1762 2788 prope
1780 2742 1928 2777 Aintab
1944 2745 1985 2778 et

264 2786 449 2824 Marasch
467 2792 505 2825 et
521 2791 669 2826 montis
688 2789 846 2837 Sindjar
864 2790 1163 2837 Mesopotamiae
1183 2789 1365 2836 (Haussk
1377 2791 1414 2834 !).

272 2911 300 2953 b
325 2853 370 2905 β.
403 2853 723 2898 Libanote’emn.
752 2879 805 2886 —
836 2855 1321 2898 Araneoso-floccosum
1355 2865 1591 2897 canescens
1631 2852 1852 2897 interdum
1894 2855 1983 2908 gla-

306 2925 499 2956 vescens.

316 2978 427 3015 Folia
442 2980 677 3026 profundius
692 2980 832 3017 divisa.
852 2980 998 3027 Phylla
1014 2982 1054 3016 in
1071 2980 1206 3026 spinas
1222 2979 1309 3015 basi
1325 2978 1426 3014 latas
1442 2978 1640 3025 longiores
1656 2980 1785 3024 magis
1800 2988 1982 3014 acerosas
