2090 3291
212 231 284 267 95³3
885 235 1233 261 CAMPANULACEAE.
1661 224 1884 272 Phyteuma
1891 254 1899 262 .

219 391 487 438 Pnl'TEUll-li
523 391 584 449 (L.
615 391 714 437 Gen.
746 389 860 449 22⁰).
898 416 958 423 ·——
999 389 1307 512 (ἔῇςέἰεῑζγηα
1361 390 1488 436 Sect.
1529 388 1548 435 I
1593 393 1639 435 et
1677 389 1734 435 II.
1762 389 1908 450 Alph.

882 467 978 500 D.c.
1056 468 1110 499 ro
1150 468 1190 500 r.
1222 490 1230 498 .

278 602 408 655 Calyx
437 602 765 655 quinquetidus.
794 601 960 643 Corolla
986 600 1339 655 quinquepartita
1370 599 1533 641 laciniis
1559 599 1797 642 linearibus
1824 601 1910 653 pri-

220 674 335 703 mum
362 662 524 703 coalitis
549 661 735 714 denique
754 674 774 702 a
796 660 886 702 basi
905 660 957 701 ad
976 660 1138 713 apicem
1159 659 1326 700 solutis.
1348 658 1555 700 Antherae
1579 658 1738 700 liberae.
1759 657 1909 712 Stylus

218 721 396 774 pilOStIS,
414 720 566 772 stigma
596 719 842 761 Q-ss-tidum.
870 717 1053 771 Capsula
1081 719 1137 759 tri
1163 717 1305 760 rarius
1331 716 1578 759 bilocularis
1606 717 1723 770 poris
1755 728 1910 760 versus

219 779 407 820 medium
434 778 733 820 dehiscens—
762 778 915 820 Hei-bae
945 788 1176 829 perennes,
1208 774 1390 818 floribus
1418 776 1645 818 sessilibus
1672 776 1715 817 in
1747 776 1910 829 spicam

221 838 397 879 densam
422 838 643 890 globosam
670 838 735 878 vel
764 836 1042 889 cylindricani
1072 835 1301 888 congestis.

283 965 316 1003 1.
351 961 405 1004 P.
435 960 772 1004 orbiculare
803 959 867 1013 (L.
897 959 966 1014 Sp.
1001 960 1106 1013 2402)
1143 971 1267 1013 parce
1305 959 1568 1014 puberulum
1596 959 1661 1001 vel
1691 958 1907 1012 glabrum,

219 1020 414 1064 caulibus
437 1020 592 1062 erectis
616 1019 795 1070 foliosis,
820 1019 933 1061 foliis
953 1018 1331 1061 evetiam-serratis
1362 1018 1523 1061 intimis
1549 1022 1591 1059 et
1613 1019 1799 1060 caulium
1827 1021 1913 1059 ste-

220 1081 364 1122 rilium
395 1079 582 1121 cordatis
606 1079 672 1120 vel
702 1078 840 1121 uvalis
865 1077 986 1130 longe
1016 1078 1243 1131 petiolatis,
1272 1078 1453 1132 reliquis
1483 1077 1712 1120 sessilibus
1743 1077 1913 1119 lanceo-

221 1140 340 1187 latis,
386 1138 572 1191 capitulo
611 1137 848 1179 multifloro
891 1137 1071 1179 florente
1112 1137 1287 1189 globoso
1329 1137 1548 1179 fructifero
1582 1136 1694 1178 ovali
1727 1136 1911 1178 bracteis

219 1198 486 1239 subseri-atis
507 1210 557 1239 eo
583 1197 856 1238 brevioribus
882 1209 903 1238 a
930 1196 1018 1237 basi
1044 1198 1166 1238 ovata
1191 1196 1446 1238 acuminatis
1473 1196 1611 1237 cincto
1647 1201 1705 1242 26.
1734 1195 1786 1236 Ic.
1810 1194 1909 1236 Vill.

223 1256 374 1309 Delpli.
403 1257 455 1306 ΙΙ,
480 1257 564 1298 tab.
603 1258 663 1297 tl.

267 1329 366 1364 Hah.
398 1330 436 1364 in
467 1329 589 1375 pratis
620 1329 764 1375 alpinis
798 1328 1035 1364 Macedoniae
1067 1328 1106 1362 in
1143 1330 1276 1363 monte
1310 1326 1513 1363 Kobelitza
1541 1327 1686 1364 5-7000’
1711 1326 1913 1371 (Griseb.).

222 1377 252 1411 E
271 1376 416 1411 ditione
438 1387 515 1411 non
537 1376 628 1410 vidi.

268 1440 324 1475 CI.
348 1439 563 1475 Pantoczek
586 1439 725 1474 Adnot.
746 1450 783 1485 p.
803 1438 850 1474 53
864 1439 1070 1483 distinguit
1085 1449 1105 1473 a
1124 1437 1170 1472 P.
1189 1437 1403 1473 orbiculari
1417 1438 1491 1473 sub
1511 1438 1668 1473 nomine
1686 1436 1730 1472 P.
1750 1436 1915 1484 pseudo-

220 1487 448 1523 orbicularz's
467 1487 642 1533 plantam
662 1497 681 1521 e
700 1486 952 1531 Montenegro
974 1495 1061 1531 quae
1082 1485 1193 1531 prob.
1214 1485 1349 1520 eadem
1371 1495 1414 1520 ac
1432 1485 1682 1521 Macedonica
1702 1487 1772 1520 est.

269 1553 329 1586 Ar.
346 1551 477 1596 Geoqr.
495 1550 651 1596 Europa
670 1549 799 1584 media
818 1550 869 1584 ab
887 1549 1031 1593 Anglia
1046 1551 1082 1583 et
1099 1547 1247 1593 Belgio,
1260 1548 1451 1595 Hispania
1467 1551 1559 1595 sept.
1579 1552 1616 1584 et
1634 1547 1773 1591 media,
1792 1546 1914 1592 Italia,

222 1598 430 1638 Dalmatia,
447 1598 582 1632 sernia
600 1597 647 1632 ad
667 1597 845 1632 Ros-siam
864 1596 1035 1631 mediam
1054 1598 1091 1631 et
1109 1595 1331 1631 australem.

284 1714 320 1753 12.
346 1710 404 1754 P.
430 1711 774 1754 fistulosum
799 1712 951 1762 (Rchb.
974 1711 1032 1752 Fl.
1058 1722 1145 1752 exc.
1174 1711 1257 1752 8296
1278 1735 1329 1741 —
1348 1709 1517 1753 Griseb.
1542 1711 1652 1765 Spic.
1674 1711 1726 1763 ll,
1751 1724 1789 1765 p.
1810 1712 1918 1766 ΞΨΖ)

224 1771 579 1825 giam-tusculum,
598 1771 794 1812 caulibus
812 1771 987 1825 pumilis
1006 1771 1161 1812 erectis
1180 1782 1305 1823 parce
1324 1771 1504 1816 foliosis.
1520 1771 1628 1812 foliis
1647 1771 1744 1812 imis
1762 1771 1916 1813 obtuse

224 1831 404 1873 serratis
424 1830 916 1872 lanceolata—linearibus
936 1831 976 1871 in
998 1829 1202 1882 petiolum
1222 1830 1470 1879 attenuatis,
1488 1829 1669 1872 caulinis
1688 1829 1920 1873 sessilibus

224 1889 516 1932 conformibus
535 1889 818 1941 subintegris.
836 1888 1022 1942 capitulo
1043 1889 1275 1931 7-12-ssoro
1293 1889 1551 1941 subgloboso
1571 1889 1754 1931 bracteis
1771 1891 1922 1931 ovato·

224 1949 418 2000 oblongis
447 1948 703 1990 acuminatis
739 1959 789 1989 eo
819 1948 1095 1990 brevioribus
1124 1947 1572 2001 crenulato-repandis
1605 1947 1741 1990 cincto
1776 1953 1836 1995 26.
1862 1946 1917 1989 lc.

225 2008 342 2061 Jacq.
368 2008 517 2049 Austr.
547 2008 630 2049 tab.
659 2007 741 2047 437
768 2007 930 2048 sinistr.
956 2007 1038 2049 suh
1067 2007 1112 2048 P.
1138 2005 1379 2048 orbiculari
1402 2006 1565 2059 alpino.

275 2080 374 2115 Hah.
396 2081 434 2115 in
455 2080 574 2126 pratis
593 2079 737 2126 alpinis
756 2079 945 2115 Rumeliae
963 2080 1085 2124 (Friv.
1108 2090 1176 2115 exs
1207 2080 1281 2115 sub
1301 2079 1346 2115 Ρ.
1368 2079 1711 2127 leemisphoerico!)‚
1727 2081 1766 2115 in
1786 2084 1919 2116 monte

227 2127 429 2162 Kobelitza
444 2127 575 2163 Scardi
595 2126 740 2162 5ss7000'
760 2127 966 2170 (Grisebn.

274 2192 413 2227 Planta
447 2191 740 2237 3-5·pollicariS‚
768 2190 860 2225 folia
895 2191 1078 2226 inferiora
1115 2191 1175 2226 2-4
1208 2191 1332 2226 lineas
1366 2193 1516 2227 tantum
1553 2190 1631 2225 lata
1665 2193 1743 2237 qua
1772 2192 1863 2226 nota
1896 2200 1920 2224 a

226 2239 272 2274 P.
307 2238 521 2274 orbiculari
550 2238 700 2282 differt,
732 2237 903 2284 capitula
938 2239 1090 2273 minora
1123 2249 1277 2284 quoque
1307 2241 1344 2274 et
1374 2238 1598 2284 paucissora.
1632 2237 1760 2283 Magis
1797 2237 1915 2273 affine

227 2286 363 2321 habitu
398 2281 442 2320 Ρ.
473 2284 768 2332 hemz‘sphoerz'co
794 2285 901 2320 foliis
924 2286 1139 2332 praesertim
1164 2285 1329 2321 caulinis
1354 2285 1647 2331 angustioribus
1670 2288 1708 2321 et
1733 2284 1919 2320 omnibus

225 2333 485 2379 integerrimis
504 2333 698 2368 distincto.

272 2397 335 2432 Ar.
353 2396 488 2442 Geoqr.
507 2396 626 2443 Alpes
645 2397 824 2439 Austri&
843 2396 999 2441 Illyriae,
1019 2396 1204 2440 Banatus,
1221 2396 1511 2442 Herzegovinae,
1529 2394 1845 2441 Transylvaniae.

609 2541 921 2589 sescnti-mu
947 2541 1101 2601 (fleist.
1134 2542 1240 2603 Sysl.
1267 2542 1367 2589 Gen.
1397 2556 1434 2604 p.
1469 2541 1531 2599 8).

287 2687 418 2742 Calyx
441 2689 765 2744 quinquelidus.
795 2687 963 2731 Corolia
988 2693 1125 2731 rotata
1158 2690 1287 2732 limbo
1316 2689 1586 2743 planiusculo
1614 2689 1924 2743 quinqueloba.

228 2747 421 2790 Stamina
454 2747 602 2790 libera.
628 2747 779 2802 Stylus
807 2749 972 2802 pilosus
1021 2746 1205 2802 Capsula
1233 2749 1412 2791 linearis
1444 2749 1512 2790 vel
1533 2749 1714 2801 oblonga
1739 2749 1923 2801 prisma-

228 2807 308 2849 tica
353 2807 540 2849 valvulis
586 2807 765 2849 minutis
811 2802 893 2849 sub
931 2807 1049 2862 apice
1096 2807 1331 2851 lateraliter
1380 2807 1621 2850 dehiscens.
1670 2831 1723 2837 -ν
1769 2805 1924 2848 Herbae

232 2878 398 2908 annuae.

299 2995 328 3033 l.
361 2988 417 3033 S.
450 2990 766 3046 Speculum
801 2991 865 3045 (L.
904 2990 976 3045 Sp.
1012 2992 1095 3033 ⁶238
1130 2993 1211 3035 sub
1246 2990 1536 3045 Campanum]
1564 3003 1705 3033 annua
1730 2989 1933 3044 glabres--
