2071 3241
122 224 400 263 namneum.
845 235 1090 262 composrrAE.
1745 229 1818 267 207

121 306 332 355 viorihus,
356 308 500 361 ligulis
523 308 642 351 disco
663 320 750 350 non
771 308 1055 361 longioribus,
1078 312 1209 364 pappi
1231 310 1336 353 setis
1362 312 1547 355 internis
1572 314 1674 355 7-10
1693 314 1816 357 ache—

119 366 191 409 nio
209 366 454 420 quadruplo
473 366 740 419 longioribus
757 367 877 420 apice
905 367 1096 410 barbatis
1122 374 1157 416 5.
1186 369 1231 410 F.
1255 368 1404 421 crispa
1427 370 1545 413 Cass.
1575 372 1650 414 loc.
1670 374 1737 415 cit.
1758 397 1811 403 —-

117 424 251 467 Inula
274 425 423 477 crispa
449 426 569 468 Pers.
596 425 727 468 Ench.
759 427 826 479 11,
851 438 888 479 p.
914 427 1011 468 450.
1040 448 1096 458 -
1125 426 1182 468 Ic.
1214 427 1306 469 Del.
1332 429 1392 470 Fi.
1418 430 1489 482 Eg.
1516 430 1599 472 tab.
1627 433 1696 473 45.

164 497 266 533 Hah.
283 498 322 533 in
344 497 540 543 argillosis
560 498 671 534 siccis
687 501 725 533 et
742 499 917 534 arenosis
937 499 1178 535 desertorum
1198 500 1359 547 AEgypti
1378 503 1518 537 mediae
1545 505 1582 539 et
1599 506 1814 550 superioris

116 545 272 590 (Wiestl
300 545 432 581 Boissl
462 546 564 590 etc),
593 545 749 581 Arabiae
768 548 908 592 petreae
927 545 1096 592 Schimp.
1115 547 1246 593 (2931),
1279 550 1451 594 Assyria:
1476 550 1524 585 ad
1546 550 1696 586 Mossul
1717 552 1811 590 (ΚΥ.

115 591 232 637 4391),
254 592 488 638 Babyloniae
505 592 727 637 (Hausski),
752 593 893 628 Persiae
921 593 1106 629 australis
1133 594 1182 629 ad
1202 595 1426 642 Persepolim
1452 597 1542 643 (Ky.
1560 597 1679 642 3871),
1705 592 1813 644 regni

115 638 285 675 Mascate
301 639 457 675 Arabiae
475 639 615 683 (Auch.
629 639 723 675 473ss
736 641 775 684 2).

171 713 216 768 β.
253 713 484 757 discoidea.
513 738 567 745 --
597 713 758 767 Ligulae
783 714 927 757 nullae.

160 786 261 822 Hah.
271 787 310 822 in
320 786 508 833 glareosis
516 787 608 822 fluv.
621 786 700 822 Zab
709 787 853 822 Persiae
867 788 1052 822 australis
1064 788 1323 834 intel-Seytun
1339 792 1374 825 et
1386 789 1569 825 Beliehan
1583 792 1759 833 (Haussk
1772 795 1809 838 l).

161 833 315 880 Species
337 834 449 870 facile
477 844 566 870 cum
597 833 641 869 P.
670 831 868 871 undulata*
899 835 1059 870 confusa
1087 846 1110 870 a
1127 839 1205 882 qua
1230 839 1367 882 praeter
1397 837 1516 883 pappi
1545 839 1809 877 characterem

111 880 353 926 dignoscitur
369 881 488 917 ramis
511 881 695 928 adpresse
715 881 835 927 canis⁷
853 881 1034 929 capitulis
1057 883 1285 918 minoribus.

157 944 220 980 Ar.
241 945 372 989 Geoqr.
392 944 537 980 Insulae
555 944 703 991 Capitis
720 944 865 980 Viridis
882 948 920 980 et
937 945 1208 990 Canarienses,
1225 946 1442 992 Senegalia,
1461 948 1619 994 Algeria
1637 951 1810 995 interior²

108 989 243 1027 Nubia
262 994 300 1027 et
316 991 542 1037 Abyssinia,
561 991 707 1027 Arabia
733 994 891 1039 tropica,
909 992 1019 1028 India
1036 993 1217 1029 borealis.

176 1129 516 1178 PLATYGHAETE
547 1129 699 1188 (noiss.
718 1130 873 1190 Diaqn.
907 1130 997 1177 Ser.
1029 1131 1060 1183 Ι,
1089 1131 1159 1185 Η,
1189 1145 1226 1192 p.
1257 1131 1314 1192 5).
1344 1160 1402 1165 -—
1439 1132 1744 1181 Pteroclzoete

437 1194 584 1254 (Boiss.
614 1194 757 1256 Diaqn.
798 1197 887 1243 Ser.
923 1196 953 1251 1,
991 1196 1032 1252 6,
1060 1210 1099 1257 ρ.
1133 1197 1189 1243 76
1217 1210 1294 1244 non
1321 1196 1484 1257 Stectz).

166 1333 412 1388 Capitulum
436 1334 722 1377 multiflorum
754 1334 968 1377 radiatum
998 1336 1061 1377 vel
1090 1336 1250 1390 saepius
1289 1336 1569 1379 discoideum.
1615 1337 1805 1381 Flosculi

103 1394 277 1437 feminei
311 1405 410 1436 cum
437 1393 595 1436 adsunt
631 1393 795 1446 ligulati
822 1394 1083 1437 uniseriales
1122 1395 1358 1446 tridentati,
1389 1394 1494 1437 disci
1522 1396 1805 1451 hcrmaphro-

104 1453 181 1495 diti
221 1453 416 1510 tubulosi
454 1451 830 1507 quinquedentati.
874 1453 1151 1495 involucrum
1194 1453 1472 1496 imbricatum
1512 1454 1801 1508 pluriserialc.

104 1512 441 1564 Receptaculum
474 1513 727 1553 areolatum.
764 1511 970 1554 Antlierae
999 1512 1091 1555 basi
1121 1512 1358 1554 bicaudatae
1385 1513 1531 1555 caudis
1559 1514 1799 1557 fimbriatis.

102 1570 347 1613 Achenium
364 1573 532 1613 erostre
552 1573 667 1612 teres
692 1581 806 1625 saepe
824 1572 1237 1614 costato-sulcatum.
1258 1572 1431 1625 Pappus
1455 1572 1669 1615 biserialis
1688 1574 1802 1615 serie

102 1631 284 1671 externa
306 1629 583 1672 coroniformi
605 1630 829 1671 crenulata
857 1630 924 1672 vel
953 1630 1185 1680 fimbriata,
1213 1630 1385 1672 interna
1411 1632 1514 1674 setis*
1540 1631 1801 1685 paleiformi-

103 1688 185 1731 bus
205 1688 489 1741 complanatis
509 1687 700 1741 margine
722 1689 935 1741 plumosis
962 1689 1030 1730 vel
1059 1689 1270 1732 scabridis
1293 1693 1529 1732 constante.
1551 1714 1604 1719 —
1632 1690 1801 1734 Suffru-

102 1747 207 1790 tices
233 1747 468 1789 ramosi.—
496 1745 645 1789 Genus
672 1759 695 1788 a
720 1746 949 1788 Ptole‘care‘a'
971 1747 1075 1790 setis
1102 1748 1227 1802 pappi
1255 1749 1537 1802 complanatis
1562 1761 1639 1791 nec
1665 1750 1800 1803 cylin-

101 1805 233 1848 dricis
260 1808 430 1848 tantum
457 1805 680 1848 diversum
707 1806 784 1849 sed
809 1806 959 1848 habitu
987 1807 1164 1860 proprio
1189 1807 1408 1849 donatum.

358 1935 378 1953 ‘
403 1935 503 1972 Setae
521 1936 639 1983 pappi
655 1936 732 1972 fere
751 1937 832 1971 tota
849 1934 1098 1981 longitudine
1115 1937 1316 1983 pennatim
1335 1937 1540 1983 plumosce.

163 2046 196 2086 i.
229 2043 286 2087 P.
319 2043 577 2087 Aucheri
610 2043 769 2099 (Boiss.
798 2044 948 2098 Diagn.
989 2044 1083 2086 Ser.
1114 2045 1145 2098 Ι,
1177 2047 1245 2086 11.
1281 2058 1320 2098 p.
1348 2045 1394 2099 5)
1436 2045 1527 2087 basi
1565 2046 1797 2089 suin-utos-

98 2115 200 2147 cens
226 2114 397 2145 ramosa
420 2104 522 2158 pilis
544 2103 752 2145 flexuosis
774 2104 943 2146 hirsuta
969 2107 1011 2145 ct
1028 2104 1142 2145 inter
1162 2103 1289 2146 villos
1312 2104 1579 2157 glandulosa,
1598 2106 1793 2148 caulibus

98 2162 253 2205 crectis
279 2161 404 2203 elatis
426 2162 607 2214 virgatis
632 2160 971 2215 subcorymbose
993 2163 1279 2216 2-5-cephalis
1300 2164 1432 2206 ramis
1460 2165 1796 2217 monoceplialis,

96 2221 208 2264 foliis
242 2220 687 2275 oblongo-linearibus
713 2221 781 2263 vel
818 2221 1239 2264 lineari-lanceolatis
1274 2222 1502 2264 sessilibus
1527 2222 1617 2263 basi
1642 2226 1792 2264 rotun-

97 2279 207 2322 datis
243 2280 445 2323 carinatis
487 2280 766 2332 mucronatis‚
810 2280 969 2322 rameis
1011 2281 1205 2332 minutis,
1248 2281 1448 2335 capitulis
1484 2281 1789 2332 mediocribus.

95 2338 310 2381 involucri
345 2337 494 2393 pallidi
526 2351 654 2393 parce
692 2339 939 2391 glandulosi
977 2342 1020 2381 et
1052 2339 1210 2381 hirsuti
1252 2340 1443 2382 flosculis
1482 2340 1571 2380 fere
1612 2339 1790 2380 dimidio

94 2397 310 2440 brevioris
338 2397 496 2452 phyllis
518 2397 740 2451 adpressis
768 2397 1197 2440 lineari-lanceolatis
1221 2398 1357 2440 acutis
1384 2399 1449 2439 vel
1477 2398 1670 2439 breviter
1691 2410 1790 2441 acu-

92 2455 283 2505 minatis,
306 2456 450 2508 ligulis
477 2456 594 2499 disco
620 2457 694 2499 vix
720 2456 878 2499 triente
904 2455 1186 2509 longi0rilius,
1206 2457 1337 2510 pappi
1358 2457 1565 2498 coronula
1593 2457 1786 2508 elongata

92 2514 307 2569 profunde
332 2515 758 2563 dentato-fimbrIata,
776 2515 935 2569 plumis
956 2516 1086 2557 10-12
1105 2515 1281 2557 aclienio
1301 2514 1431 2567 duplo
1455 2515 1723 2565 longioribus
1750 2526 1786 2561 ᾗ.

92 2571 357 2615 Pterochaete
374 2573 566 2615 Aucheri
587 2573 720 2616 Boiss.
743 2574 892 2626 Diagn.
913 2573 1004 2615 Ser.
1025 2574 1054 2622 i,
1072 2574 1111 2618 6.
1134 2586 1171 2626 p.
1193 2575 1259 2614 77.
1281 2597 1332 2602 -—
1351 2572 1581 2614 Palicaria
1597 2571 1790 2615 Anchari

92 2634 135 2674 et
157 2630 207 2674 P.
233 2630 413 2673 Persica
437 2631 562 2674 Jaub.
586 2635 628 2675 et
654 2632 727 2686 Sp.
752 2632 814 2674 Ill.
842 2632 915 2675 Or.
942 2632 1029 2674 tab.
1056 2633 1139 2674 346
1163 2635 1206 2673 et
1234 2632 1333 2673 347.

88 2703 238 2796 47ἷῖ4ἣξ).
258 2705 299 2740 in
316 2705 559 2752 rupestrihus
577 2705 720 2741 Persiae
740 2706 927 2741 australis
948 2705 1088 2751 (Auch.
1107 2706 1248 2750 47432),
1275 2705 1314 2740 in
1337 2706 1470 2740 monte
1488 2705 1628 2739 Gheno
1647 2705 1787 2749 [Auch.
1804 2719 1823 2742 ω

134 2813 291 2850 Pedalis
313 2816 351 2849 et
367 2814 514 2859 elatior,
543 2815 713 2861 capitula
730 2815 786 2850 eis
809 2813 852 2849 P.
871 2815 1125 2862 dysenteriae
1146 2815 1213 2849 vix
1231 2814 1399 2849 minora.
1432 2813 1587 2858 Species
1606 2812 1682 2847 duo
1700 2823 1720 2847 a
1741 2813 1784 2847 ‹·l.

87 2860 120 2896 J.
129 2863 166 2896 et
178 2860 306 2908 Spach
319 2862 527 2908 propositae
538 2861 688 2908 phyllis
703 2862 794 2908 plus
809 2862 939 2897 minus
956 2861 1163 2897 manifeste
1179 2860 1415 2896 acuminatis
1426 2870 1505 2895 non
1518 2862 1577 2894 sat
1589 2860 1783 2895 illiserunt.

148 2986 185 3028 2.
220 2985 279 3029 P-*
309 2986 726 3031 mucronifolia
760 2986 918 3043 (Boiss.
941 2986 1092 3039 Diagn.
1114 2986 1205 3028 Ser.
1232 2986 1262 3036 Ι,
1293 2987 1354 3035 11,
1380 2998 1420 3039 p.
1446 2983 1490 3039 ὅ)
1515 2985 1605 3026 basi
1625 2984 1786 3026 sufffu-
