2066 3296
105 223 346 260 Leontodon.
835 231 1082 257 COMPOSITAE.
1742 225 1808 259 751

104 319 145 359 p.
177 305 270 346 103.
296 303 566 356 —Aparm'a
590 303 833 355 He'spam’ca
855 303 960 345 M.B.
990 305 1122 346 Taur.
1152 303 1278 346 Cauc.
1307 304 1361 357 11,
1390 317 1429 358 p.
1458 305 1542 346 ⁶248
1570 317 1654 347 non
1682 305 1726 346 L.
1752 327 1812 337 —

104 362 338 416 Andryala
360 362 512 404 lanata
534 362 657 405 Habl.

152 438 242 473 Hah
271 438 371 474 circa
387 437 625 483 Byzantium
643 437 743 481 (Noe
765 447 844 473 exs.
868 437 982 481 5941),
1001 437 1041 472 in
1061 437 1207 473 Tauria
1224 438 1323 474 circa
1340 438 1629 485 Sympheropol
1648 438 1807 483 (Stevl),

103 484 279 520 Caucaso
299 486 347 521 ad
365 485 511 520 flumen
532 484 667 520 Ardon
685 484 847 530 (Rupr!)
867 487 903 518 et
925 494 1046 530 prope
1061 483 1279 520 Borschom
1297 485 1450 529 (Radde
1464 487 1500 528 l).

153 556 307 603 Species
321 557 370 592 ab
386 556 491 592 affini
505 555 551 591 L.
565 555 738 591 saxatili
748 554 868 590 Rchl).
884 556 1012 601 scapis
1028 555 1259 601 plerumque
1275 557 1534 592 validioribus
1553 557 1661 603 apice
1681 559 1806 603 magis

105 604 330 639 incrassatis
359 607 396 639 et
418 603 615 638 interdum
646 602 824 647 ramosis,
848 602 1043 638 involucri
1074 603 1224 648 phyllis
1252 603 1394 638 eximie
1424 603 1524 639 ciliis
1556 603 1803 639 brevissimis

104 651 264 685 surcatis
283 651 529 695 marginatis,
544 650 717 685 acheniis
730 649 976 692 longioribus
991 651 1077 693 (sex
1096 649 1220 686 lineas
1239 650 1385 695 longis)
1399 650 1612 686 discedens.
1632 651 1804 686 Varietas

103 711 125 742 γ
156 697 294 732 habitu
311 701 346 733 et
365 697 548 743 capitulis
582 696 881 732 subminoribus
899 694 947 731 L.
969 696 1143 732 saxatz'le
1176 697 1299 742 refert,
1320 698 1404 742 eJus
1425 697 1564 743 phylla
1586 701 1627 732 ut
1650 698 1691 732 in
1710 700 1804 744 typo

104 743 457 779 fiiiibriato-ciliata
475 744 546 779 sed
563 743 723 788 longius
743 743 981 778 acuminata.

150 808 213 843 Ar.
235 808 372 852 Georq.
391 807 571 852 Regnum
594 806 900 852 Neapolitanum
921 806 1035 850 (Ten.
1057 807 1167 842 mixt.
1188 817 1276 842 cum
1294 806 1339 842 L.
1359 807 1574 853 saxatilil),
1593 807 1804 853 Dalmatia,

104 854 210 899 regio
231 854 480 897 Danubialis,
498 854 636 890 Rossia
653 853 853 888 australis.

165 984 204 1025 8.
238 983 292 1025 1...
322 982 594 1026 Graecum
622 981 781 1036 (Boiss.
807 985 848 1023 et
874 982 1022 1024 Heldr.
1051 982 1202 1035 Diagn.
1228 981 1321 1025 Ser.
1350 984 1383 1035 Ι,
1410 984 1477 1034 11,
1505 996 1546 1036 p.
1572 984 1803 1037 39)t0tu111

104 1042 360 1084 indumento
380 1042 640 1084 brevissimo
658 1041 843 1095 pilorum
860 1041 1132 1082 stellatorum
1155 1052 1403 1093 canescens,
1423 1041 1567 1083 radice
1592 1042 1801 1092 verticali,

104 1101 342 1143 rhizomate
367 1099 605 1154 pluripriti
631 1100 850 1152 indurato,
880 1099 993 1141 foliis
1027 1099 1286 1142 radicalibus
1316 1100 1481 1142 ambitu
1506 1100 1805 1153 oblongo-lan-

106 1159 282 1202 ceolatis
314 1159 523 1202 brevibus
548 1159 591 1201 in
622 1158 831 1213 petiolum
865 1159 1099 1201 attenuatis
1134 1158 1176 1199 in
1215 1158 1392 1201 lacinias
1419 1159 1707 1212 triangulares
1738 1160 1803 1200 vel

103 1218 364 1260 lanceolatas
398 1217 741 1273 pinnatIpartitis
776 1216 999 1259 interdum
1027 1216 1282 1270 sublyratis‚
1309 1219 1452 1272 scapis
1482 1217 1804 1270 monocephalis

103 1277 249 1319 rarius
285 1289 406 1319 ramo
444 1277 582 1319 auctis
616 1276 735 1329 apice
765 1275 1250 1325 fistuloso-incrassatis,
1279 1277 1478 1329 capitulis
1511 1275 1803 1318 mediocribus

104 1336 173 1378 vel
215 1336 381 1389 magnis
417 1335 624 1388 virgineIS
661 1335 858 1385 cernuis,
895 1334 1111 1376 involucri
1149 1334 1306 1388 phyllis
1344 1334 1583 1376 imbricatis
1616 1335 1714 1376 latis
1752 1335 1803 1376 ab

105 1394 302 1437 externis
339 1393 681 1447 triangularibus
718 1393 771 1435 ad
808 1394 980 1435 interna
1018 1393 1253 1435 lanceolata
1289 1394 1559 1436 acutiuscula
1594 1393 1803 1446 elongatis

103 1453 364 1496 brevissime
377 1453 824 1506 pulverulento-canis
838 1455 1137 1505 praetereaque
1151 1463 1278 1494 secus
1290 1464 1475 1495 nervum
1492 1453 1592 1506 plus
1606 1451 1749 1494 minus
1763 1455 1805 1494 et

105 1511 301 1554 breviter
322 1512 494 1563 setosis,
518 1511 708 1553 aclicniis
738 1511 927 1553 tenuiter
947 1510 1247 1553 l'usiforniibus
1272 1523 1463 1564 superne
1488 1510 1808 1553 suhatlenuatis

101 1574 145 1612 et
171 1570 402 1621 scabridis,
434 1570 565 1624 pappi
592 1570 768 1612 sordide
796 1569 879 1612 albi
908 1569 1095 1622 plumosi
1123 1569 1228 1611 setis
1259 1570 1528 1622 longioribus
1557 1569 1689 1610 20:25
1716 1569 1806 1611 basi

102 1629 377 1672 subdilatatis
396 1628 574 1671 achenio
596 1632 721 1683 parte
745 1628 921 1670 dimidia
948 1628 1224 1670 brevioribus
1261 1634 1322 1675 26.

149 1701 249 1737 Hab.
269 1702 309 1737 in
323 1701 481 1748 regione
498 1703 685 1737 montana
705 1704 741 1736 et
759 1701 794 1736 al
827 1702 891 1736 ina
910 1701 1084 1743 Graeciae,
1102 1701 1303 1746 Taygetus
1320 1700 1406 1736 loco
1426 1700 1632 1746 Choupata
1649 1700 1751 1736 dicto
1772 1703 1809 1737 et

101 1758 216 1784 mons
237 1748 382 1785 Olenos
400 1748 504 1784 6500‘
526 1748 716 1794 (Heldrl),
735 1712 890 1783 Mafovo
912 1747 1074 1794 (Sprunl
1088 1748 1114 1791 3,
1139 1747 1365 1792 Hymettus,
1387 1748 1622 1793 Lycabettus
1649 1750 1686 1782 et
1706 1747 1807 1784 Lau-

102 1796 189 1830 rion
216 1796 364 1839 Atticae,
393 1805 507 1831 mous
542 1795 672 1831 Onion
699 1795 860 1831 Baeotiae
891 1794 1052 1839 (Boissl‚
1086 1794 1237 1838 Heldr!‚
1279 1794 1402 1829 Auch.
1433 1794 1573 1839 3334!)‚
1612 1794 1807 1842 Olympus

103 1842 322 1878 Thessaliae
342 1842 528 1887 (Heldrl).

162 1916 206 1969 β.
230 1915 632 1958 ΗθίάνείοΙιίαηιιηι.
647 1940 703 1946 -
720 1915 1031 1958 Indumentum
1051 1915 1230 1957 densius
1249 1915 1644 1968 canuni,i11voluci·i
1662 1915 1806 1969 pliylla

108 1978 269 2029 praeter
300 1974 602 2017 indumentum
635 1974 768 2017 breve
800 1975 898 2028 pilis
929 1974 1067 2026 longis
1097 1974 1306 2016 flexuosis
1340 1973 1534 2028 undique
1574 1974 1724 2016 obsita.
1752 1998 1802 2002 —

103 2034 151 2076 L.
177 2032 569 2075 Heldree'clzianum
590 2034 730 2077 Boiss.
757 2032 801 2075 in
828 2033 961 2087 Orph.
986 2044 1078 2075 exs.

150 2107 326 2190 Hass'vm
354 2107 514 2153 regione
548 2107 679 2142 media
715 2110 752 2143 et
786 2108 987 2155 superiore
1021 2107 1205 2143 Parnassi
1236 2107 1403 2153 (Guiccl
1437 2106 1558 2153 Orph.
1592 2106 1648 2141 Fl.
1684 2107 1805 2142 Graee.

104 2165 187 2190 exs.
232 2155 255 2189 2
287 2162 322 2198 .).

151 2217 304 2264 Species
323 2227 345 2252 a
364 2215 410 2252 L.
421 2217 592 2253 saoeatilz'
606 2216 756 2264 phyllis
778 2217 880 2261 latis,
904 2228 926 2252 a
945 2216 990 2253 L.
1009 2226 1151 2265 aspero
1168 2218 1231 2254 cui
1249 2217 1321 2253 hac
1341 2220 1432 2252 nota
1454 2218 1579 2263 inagis
1606 2217 1732 2252 affinis
1751 2219 1809 2252 est

102 2263 253 2311 phyllis
269 2273 348 2299 non
369 2264 785 2308 fimbriato-ciliolatis,
807 2265 857 2300 ab
877 2267 1041 2311 utroque
1060 2264 1274 2300 rhizomate
1290 2265 1367 2300 fere
1385 2265 1685 2308 suffrutescenti,
1704 2263 1807 2299 foliis

104 2311 338 2357 profundius
361 2311 501 2347 divisis
525 2311 771 2358 discrepans.

166 2442 208 2481 9.
247 2439 303 2482 L.
329 2439 601 2495 oxylepis
628 2439 788 2494 (Boiss.
819 2443 860 2481 et
882 2439 1031 2482 Heldr.
1055 2439 1208 2492 Diagn.
1237 2439 1330 2481 Ser.
1358 2439 1390 2487 Ι,
1415 2440 1481 2491 11,
1510 2453 1546 2493 p.
1568 2440 1641 2490 40)
1669 2442 1805 2481 totum

104 2499 361 2540 indumento
386 2497 646 2540 brevissimo
667 2498 802 2540 denso
829 2497 1033 2541 stellatIm
1050 2499 1217 2541 fui-cato
1237 2509 1404 2549 canum,
1430 2498 1575 2540 radice
1598 2498 1806 2546 verticali‚

106 2557 215 2599 collo
250 2556 504 2610 plur'icipiti,
533 2557 645 2600 foliis
682 2557 933 2600 lanceolatis
967 2556 1177 2609 elongatis
1212 2556 1255 2597 in
1294 2556 1501 2610 petiolum
1535 2556 1659 2609 louge
1698 2559 1805 2598 atte-

107 2615 251 2658 nuatis
276 2619 441 2657 remote
463 2619 505 2657 et
527 2616 695 2659 minute
714 2615 901 2658 dentatis
919 2616 1072 2665 acutis,
1091 2615 1230 2669 scapis
1253 2615 1461 2668 elongatis
1485 2615 1806 2668 monocephalis

110 2674 250 2716 rarius
276 2674 445 2716 ramulo
472 2674 609 2717 auctis
632 2675 752 2728 apice
778 2674 1045 2726 incrassatis,
1071 2673 1272 2728 capitulis
1299 2674 1564 2727 majusculis,
1593 2673 1808 2715 involucri

107 2732 267 2786 phyllis
290 2736 472 2784 auguste
499 2733 747 2776 lanceolatis
773 2732 1222 2776 setaceo-acuminatis
1244 2732 1498 2774 indumento
1523 2731 1693 2774 stellato
1712 2732 1809 2773 bre-

112 2790 286 2833 viSSimo
313 2792 967 2843 canescentibus,exterioribus
992 2790 1270 2847 brevioribus
1294 2790 1465 2832 tandem
1490 2790 1664 2844 patulis,
1688 2791 1810 2832 ache-

110 2849 193 2892 niis
233 2849 424 2892 tenuiter
458 2849 707 2904 cylindricis
744 2863 935 2905 superne
971 2850 1182 2893 scabridis
1217 2853 1258 2892 et
1296 2849 1633 2899 subattenuatis,
1677 2849 1808 2902 pappi

111 2908 274 2950 sordidi
299 2909 404 2950 sctis
431 2909 641 2962 plumosis
668 2909 936 2963 longioribus
960 2910 1088 2951 15-20
1107 2908 1285 2950 aclieuio
1306 2907 1482 2950 dimidia
1500 2910 1623 2961 parte
1639 2907 1810 2949 bravii]-

110 2966 232 3010 ribus
271 2973 332 3014 26.
