<?xml version="1.0" encoding="UTF-8"?>
<!DOCTYPE html PUBLIC "-//W3C//DTD XHTML 1.0 Transitional//EN"
    "http://www.w3.org/TR/xhtml1/DTD/xhtml1-transitional.dtd">
<html xmlns="http://www.w3.org/1999/xhtml" xml:lang="en" lang="en">
 <head>
  <title>
</title>
<meta http-equiv="Content-Type" content="text/html;charset=utf-8" />
  <meta name='ocr-system' content='tesseract 3.04.00' />
  <meta name='ocr-capabilities' content='ocr_page ocr_carea ocr_par ocr_line ocrx_word'/>
</head>
<body>
  <div class='ocr_page' id='page_1' title='image "./floraorientaliss03bois_0134.png"; bbox 0 0 2095 3206; ppageno 0'>
   <div class='ocr_carea' id='block_1_1' title="bbox 199 193 1892 235">
    <p class='ocr_par' dir='ltr' id='par_1_1' title="bbox 199 193 1892 235">
     <span class='ocr_line' id='line_1_1' title="bbox 199 193 1892 235; baseline 0.002 -8"><span class='ocrx_word' id='word_1_1' title='bbox 199 199 248 235; x_wconf 84' lang='lat'>50</span> <span class='ocrx_word' id='word_1_2' title='bbox 937 202 1163 229; x_wconf 76' lang='lat' dir='ltr'><strong>RUBIACEAE.</strong></span> <span class='ocrx_word' id='word_1_3' title='bbox 1711 193 1892 232; x_wconf 79' lang='lat' dir='ltr'>Galium.</span> 
     </span>
    </p>
   </div>
   <div class='ocr_carea' id='block_1_2' title="bbox 198 275 1898 507">
    <p class='ocr_par' dir='ltr' id='par_1_2' title="bbox 198 275 1898 507">
     <span class='ocr_line' id='line_1_2' title="bbox 199 275 1898 334; baseline -0.001 -11"><span class='ocrx_word' id='word_1_4' title='bbox 199 282 300 334; x_wconf 82' lang='lat' dir='ltr'>gine</span> <span class='ocrx_word' id='word_1_5' title='bbox 326 280 507 322; x_wconf 84' lang='lat' dir='ltr'>laevibus</span> <span class='ocrx_word' id='word_1_6' title='bbox 529 277 599 320; x_wconf 90' lang='lat' dir='ltr'>vel</span> <span class='ocrx_word' id='word_1_7' title='bbox 636 276 799 320; x_wconf 80' lang='lat' dir='ltr'><strong>scabris</strong></span> <span class='ocrx_word' id='word_1_8' title='bbox 830 275 1012 318; x_wconf 76' lang='lat' dir='ltr'>caulinis</span> <span class='ocrx_word' id='word_1_9' title='bbox 1037 276 1216 329; x_wconf 84' lang='lat' dir='ltr'>octonis,</span> <span class='ocrx_word' id='word_1_10' title='bbox 1241 275 1464 329; x_wconf 86' lang='lat' dir='ltr'>pedicellis</span> <span class='ocrx_word' id='word_1_11' title='bbox 1490 276 1769 330; x_wconf 89' lang='lat' dir='ltr'>capillaribus</span> <span class='ocrx_word' id='word_1_12' title='bbox 1795 281 1898 322; x_wconf 83' lang='lat' dir='ltr'>ante</span> 
     </span>
     <span class='ocr_line' id='line_1_3' title="bbox 199 333 1898 393; baseline -0.001 -11"><span class='ocrx_word' id='word_1_13' title='bbox 199 343 244 382; x_wconf 90' lang='lat' dir='ltr'>et</span> <span class='ocrx_word' id='word_1_14' title='bbox 267 342 365 393; x_wconf 88' lang='lat' dir='ltr'>post</span> <span class='ocrx_word' id='word_1_15' title='bbox 386 338 585 381; x_wconf 80' lang='lat' dir='ltr'>antlicsin</span> <span class='ocrx_word' id='word_1_16' title='bbox 602 334 927 389; x_wconf 85' lang='lat' dir='ltr'>erecto-patulis</span> <span class='ocrx_word' id='word_1_17' title='bbox 945 333 1052 376; x_wconf 89' lang='lat' dir='ltr'>flore</span> <span class='ocrx_word' id='word_1_18' title='bbox 1070 334 1141 374; x_wconf 83' lang='lat' dir='ltr'>vix</span> <span class='ocrx_word' id='word_1_19' title='bbox 1162 333 1444 387; x_wconf 80' lang='lat' dir='ltr'>longioribus,</span> <span class='ocrx_word' id='word_1_20' title='bbox 1467 335 1639 377; x_wconf 85' lang='lat' dir='ltr'>corollae</span> <span class='ocrx_word' id='word_1_21' title='bbox 1659 334 1770 379; x_wconf 89' lang='lat' dir='ltr'>lobis</span> <span class='ocrx_word' id='word_1_22' title='bbox 1789 337 1898 380; x_wconf 93' lang='lat' dir='ltr'>tubo</span> 
     </span>
     <span class='ocr_line' id='line_1_4' title="bbox 198 392 1896 450; baseline -0.001 -10"><span class='ocrx_word' id='word_1_23' title='bbox 198 397 465 450; x_wconf 84' lang='lat' dir='ltr'>longioribus</span> <span class='ocrx_word' id='word_1_24' title='bbox 504 395 699 437; x_wconf 85' lang='lat' dir='ltr'>breviter</span> <span class='ocrx_word' id='word_1_25' title='bbox 733 392 984 447; x_wconf 88' lang='lat' dir='ltr'>cuspidatis‚</span> <span class='ocrx_word' id='word_1_26' title='bbox 1015 392 1126 444; x_wconf 86' lang='lat' dir='ltr'>stylo</span> <span class='ocrx_word' id='word_1_27' title='bbox 1163 392 1308 445; x_wconf 84' lang='lat' dir='ltr'>bifido,</span> <span class='ocrx_word' id='word_1_28' title='bbox 1333 393 1477 435; x_wconf 86' lang='lat' dir='ltr'>fructu</span> <span class='ocrx_word' id='word_1_29' title='bbox 1517 393 1613 436; x_wconf 81' lang='lat' dir='ltr'>laevi</span> <span class='ocrx_word' id='word_1_30' title='bbox 1650 394 1799 446; x_wconf 83' lang='lat' dir='ltr'>glabro</span> <span class='ocrx_word' id='word_1_31' title='bbox 1836 401 1896 443; x_wconf 68' lang='lat'>26.</span> 
     </span>
     <span class='ocr_line' id='line_1_5' title="bbox 203 449 1813 507; baseline -0.002 -10"><span class='ocrx_word' id='word_1_32' title='bbox 203 455 250 499; x_wconf 89' lang='lat' dir='ltr'>G.</span> <span class='ocrx_word' id='word_1_33' title='bbox 275 454 521 507; x_wconf 67' lang='lat' dir='ltr'>loeviyc-tcum</span> <span class='ocrx_word' id='word_1_34' title='bbox 543 453 590 494; x_wconf 94' lang='lat' dir='ltr'>L.</span> <span class='ocrx_word' id='word_1_35' title='bbox 618 452 690 507; x_wconf 87' lang='lat' dir='ltr'>Sp.</span> <span class='ocrx_word' id='word_1_36' title='bbox 721 452 846 493; x_wconf 86' lang='lat'><strong>1667.</strong></span> <span class='ocrx_word' id='word_1_37' title='bbox 876 474 931 479; x_wconf 92' lang='lat'>—</span> <span class='ocrx_word' id='word_1_38' title='bbox 957 449 1004 492; x_wconf 79' lang='lat' dir='ltr'>G.</span> <span class='ocrx_word' id='word_1_39' title='bbox 1031 449 1277 502; x_wconf 73' lang='lat' dir='ltr'>lim&#39;folium</span> <span class='ocrx_word' id='word_1_40' title='bbox 1303 451 1423 492; x_wconf 84' lang='lat' dir='ltr'>Lam.</span> <span class='ocrx_word' id='word_1_41' title='bbox 1446 451 1555 494; x_wconf 87' lang='lat' dir='ltr'>Dict.</span> <span class='ocrx_word' id='word_1_42' title='bbox 1576 451 1630 503; x_wconf 94' lang='grc' dir='ltr'>ΙΙ,</span> <span class='ocrx_word' id='word_1_43' title='bbox 1656 466 1696 507; x_wconf 91' lang='lat' dir='ltr'>p.</span> <span class='ocrx_word' id='word_1_44' title='bbox 1717 454 1813 496; x_wconf 82' lang='lat'>578.</span> 
     </span>
    </p>
   </div>
   <div class='ocr_carea' id='block_1_3' title="bbox 197 522 1898 618">
    <p class='ocr_par' dir='ltr' id='par_1_3' title="bbox 197 522 1898 618">
     <span class='ocr_line' id='line_1_6' title="bbox 247 522 1898 573; baseline -0.001 -10"><span class='ocrx_word' id='word_1_45' title='bbox 247 527 352 563; x_wconf 89' lang='lat' dir='ltr'>Hab.</span> <span class='ocrx_word' id='word_1_46' title='bbox 380 528 421 563; x_wconf 91' lang='lat' dir='ltr'>in</span> <span class='ocrx_word' id='word_1_47' title='bbox 451 525 652 573; x_wconf 84' lang='lat' dir='ltr'>sylvaticis</span> <span class='ocrx_word' id='word_1_48' title='bbox 681 523 852 569; x_wconf 83' lang='lat' dir='ltr'>regionis</span> <span class='ocrx_word' id='word_1_49' title='bbox 882 524 1081 558; x_wconf 83' lang='lat' dir='ltr'>montanae</span> <span class='ocrx_word' id='word_1_50' title='bbox 1102 522 1356 565; x_wconf 85' lang='lat' dir='ltr'>Macedoniae,</span> <span class='ocrx_word' id='word_1_51' title='bbox 1383 522 1424 558; x_wconf 91' lang='lat' dir='ltr'>in</span> <span class='ocrx_word' id='word_1_52' title='bbox 1454 523 1656 559; x_wconf 87' lang='lat' dir='ltr'>montibus</span> <span class='ocrx_word' id='word_1_53' title='bbox 1683 525 1827 562; x_wconf 87' lang='lat' dir='ltr'>Orbelo</span> <span class='ocrx_word' id='word_1_54' title='bbox 1858 527 1898 562; x_wconf 77' lang='lat' dir='ltr'>et</span> 
     </span>
     <span class='ocr_line' id='line_1_7' title="bbox 197 569 1845 618; baseline -0.002 -7"><span class='ocrx_word' id='word_1_55' title='bbox 197 575 345 611; x_wconf 85' lang='lat' dir='ltr'>Scardo</span> <span class='ocrx_word' id='word_1_56' title='bbox 365 573 564 618; x_wconf 85' lang='lat' dir='ltr'>(Griseb.)‚</span> <span class='ocrx_word' id='word_1_57' title='bbox 582 582 702 618; x_wconf 88' lang='lat' dir='ltr'>supra</span> <span class='ocrx_word' id='word_1_58' title='bbox 718 569 1000 606; x_wconf 83' lang='lat' dir='ltr'>monasterium</span> <span class='ocrx_word' id='word_1_59' title='bbox 1018 569 1177 605; x_wconf 87' lang='lat' dir='ltr'>Bucovo</span> <span class='ocrx_word' id='word_1_60' title='bbox 1195 579 1316 616; x_wconf 89' lang='lat' dir='ltr'>prope</span> <span class='ocrx_word' id='word_1_61' title='bbox 1335 569 1479 605; x_wconf 86' lang='lat' dir='ltr'>Bitolia</span> <span class='ocrx_word' id='word_1_62' title='bbox 1499 570 1625 617; x_wconf 87' lang='lat' dir='ltr'>(Orph</span> <span class='ocrx_word' id='word_1_63' title='bbox 1636 572 1672 615; x_wconf 88' lang='grc'>1).</span> <span class='ocrx_word' id='word_1_64' title='bbox 1692 571 1748 607; x_wconf 85' lang='lat' dir='ltr'>Fl.</span> <span class='ocrx_word' id='word_1_65' title='bbox 1765 572 1845 608; x_wconf 87' lang='lat' dir='ltr'>Jul.</span> 
     </span>
    </p>
   </div>
   <div class='ocr_carea' id='block_1_4' title="bbox 196 632 1899 722">
    <p class='ocr_par' dir='ltr' id='par_1_4' title="bbox 196 632 1899 722">
     <span class='ocr_line' id='line_1_8' title="bbox 196 632 1899 722; baseline -0.002 -48"><span class='ocrx_word' id='word_1_66' title='bbox 196 637 466 722; x_wconf 53' lang='lat' dir='ltr'>DARbtzfrepqr.</span> <span class='ocrx_word' id='word_1_67' title='bbox 493 636 626 673; x_wconf 85' lang='lat' dir='ltr'>Gallia</span> <span class='ocrx_word' id='word_1_68' title='bbox 654 635 696 670; x_wconf 89' lang='lat' dir='ltr'>in</span> <span class='ocrx_word' id='word_1_69' title='bbox 723 633 979 681; x_wconf 86' lang='lat' dir='ltr'>Delphinatu,</span> <span class='ocrx_word' id='word_1_70' title='bbox 1009 633 1193 669; x_wconf 86' lang='lat' dir='ltr'>Helvetia</span> <span class='ocrx_word' id='word_1_71' title='bbox 1222 632 1421 678; x_wconf 86' lang='lat' dir='ltr'>australis,</span> <span class='ocrx_word' id='word_1_72' title='bbox 1447 633 1618 678; x_wconf 83' lang='lat' dir='ltr'>Austria,</span> <span class='ocrx_word' id='word_1_73' title='bbox 1646 634 1770 681; x_wconf 86' lang='lat' dir='ltr'>Italia,</span> <span class='ocrx_word' id='word_1_74' title='bbox 1787 636 1899 682; x_wconf 83' lang='lat' dir='ltr'>regio</span> 
     </span>
     <span class='ocr_line' id='line_1_9' title="bbox 236 695 449 721; baseline -0.014 0"><span class='ocrx_word' id='word_1_75' title='bbox 236 696 315 721; x_wconf 87' lang='lat' dir='ltr'>anu</span> <span class='ocrx_word' id='word_1_76' title='bbox 346 695 384 720; x_wconf 86' lang='grc'>13</span> <span class='ocrx_word' id='word_1_77' title='bbox 403 695 449 719; x_wconf 84' lang='grc'>15.</span> 
     </span>
    </p>
   </div>
   <div class='ocr_carea' id='block_1_5' title="bbox 193 794 1899 1202">
    <p class='ocr_par' dir='ltr' id='par_1_5' title="bbox 193 794 1899 1202">
     <span class='ocr_line' id='line_1_10' title="bbox 257 794 1898 852; baseline -0.002 -10"><span class='ocrx_word' id='word_1_78' title='bbox 257 801 294 842; x_wconf 88' lang='lat'>7.</span> <span class='ocrx_word' id='word_1_79' title='bbox 331 799 391 842; x_wconf 82' lang='lat' dir='ltr'>G.</span> <span class='ocrx_word' id='word_1_80' title='bbox 426 797 780 841; x_wconf 87' lang='lat' dir='ltr'>Laconicum</span> <span class='ocrx_word' id='word_1_81' title='bbox 813 795 973 851; x_wconf 80' lang='lat' dir='ltr'>(Boiss.</span> <span class='ocrx_word' id='word_1_82' title='bbox 1006 798 1049 836; x_wconf 91' lang='lat' dir='ltr'>et</span> <span class='ocrx_word' id='word_1_83' title='bbox 1081 794 1228 837; x_wconf 84' lang='lat' dir='ltr'>Heldr.</span> <span class='ocrx_word' id='word_1_84' title='bbox 1267 794 1417 847; x_wconf 88' lang='lat' dir='ltr'>Diagn.</span> <span class='ocrx_word' id='word_1_85' title='bbox 1444 794 1536 837; x_wconf 88' lang='lat' dir='ltr'>Ser.</span> <span class='ocrx_word' id='word_1_86' title='bbox 1564 795 1602 849; x_wconf 84' lang='lat'>1,</span> <span class='ocrx_word' id='word_1_87' title='bbox 1638 796 1716 848; x_wconf 87' lang='lat' dir='ltr'>VI,</span> <span class='ocrx_word' id='word_1_88' title='bbox 1750 809 1791 850; x_wconf 89' lang='lat' dir='ltr'>p.</span> <span class='ocrx_word' id='word_1_89' title='bbox 1820 797 1898 852; x_wconf 80' lang='grc'>63)</span> 
     </span>
     <span class='ocr_line' id='line_1_11' title="bbox 195 853 1899 914; baseline -0.002 -13"><span class='ocrx_word' id='word_1_90' title='bbox 195 859 344 914; x_wconf 88' lang='lat' dir='ltr'>patule</span> <span class='ocrx_word' id='word_1_91' title='bbox 383 857 641 912; x_wconf 78' lang='lat' dir='ltr'>pubescens,</span> <span class='ocrx_word' id='word_1_92' title='bbox 676 855 797 898; x_wconf 88' lang='lat' dir='ltr'>caule</span> <span class='ocrx_word' id='word_1_93' title='bbox 830 856 973 896; x_wconf 90' lang='lat' dir='ltr'>erecto</span> <span class='ocrx_word' id='word_1_94' title='bbox 1010 853 1120 896; x_wconf 87' lang='lat' dir='ltr'>elato</span> <span class='ocrx_word' id='word_1_95' title='bbox 1155 853 1325 896; x_wconf 86' lang='lat' dir='ltr'>inferne</span> <span class='ocrx_word' id='word_1_96' title='bbox 1358 854 1485 896; x_wconf 85' lang='lat' dir='ltr'>tereti</span> <span class='ocrx_word' id='word_1_97' title='bbox 1521 866 1712 909; x_wconf 80' lang='lat' dir='ltr'>superne</span> <span class='ocrx_word' id='word_1_98' title='bbox 1761 858 1811 898; x_wconf 87' lang='lat' dir='ltr'>ut</span> <span class='ocrx_word' id='word_1_99' title='bbox 1854 859 1899 899; x_wconf 89' lang='lat' dir='ltr'>et</span> 
     </span>
     <span class='ocr_line' id='line_1_12' title="bbox 196 912 1895 971; baseline -0.002 -12"><span class='ocrx_word' id='word_1_100' title='bbox 196 918 307 960; x_wconf 87' lang='lat' dir='ltr'>rami</span> <span class='ocrx_word' id='word_1_101' title='bbox 322 919 508 971; x_wconf 86' lang='lat' dir='ltr'>quatuor</span> <span class='ocrx_word' id='word_1_102' title='bbox 532 915 660 957; x_wconf 89' lang='lat' dir='ltr'>lineis</span> <span class='ocrx_word' id='word_1_103' title='bbox 677 913 857 955; x_wconf 88' lang='lat' dir='ltr'>elevatis</span> <span class='ocrx_word' id='word_1_104' title='bbox 872 924 1082 967; x_wconf 88' lang='lat' dir='ltr'>percurso</span> <span class='ocrx_word' id='word_1_105' title='bbox 1102 913 1147 954; x_wconf 90' lang='grc'>111</span> <span class='ocrx_word' id='word_1_106' title='bbox 1164 912 1405 966; x_wconf 88' lang='lat' dir='ltr'>paniculam</span> <span class='ocrx_word' id='word_1_107' title='bbox 1426 912 1613 966; x_wconf 80' lang='lat' dir='ltr'>amplam</span> <span class='ocrx_word' id='word_1_108' title='bbox 1629 913 1895 957; x_wconf 79' lang='lat' dir='ltr'>laxissimam</span> 
     </span>
     <span class='ocr_line' id='line_1_13' title="bbox 194 971 1896 1027; baseline -0.002 -9"><span class='ocrx_word' id='word_1_109' title='bbox 194 975 386 1027; x_wconf 88' lang='lat' dir='ltr'>abeunti,</span> <span class='ocrx_word' id='word_1_110' title='bbox 411 975 522 1017; x_wconf 85' lang='lat' dir='ltr'>foliis</span> <span class='ocrx_word' id='word_1_111' title='bbox 544 971 999 1025; x_wconf 86' lang='lat' dir='ltr'>oblongo-lanceolatis</span> <span class='ocrx_word' id='word_1_112' title='bbox 1022 971 1188 1014; x_wconf 91' lang='lat' dir='ltr'>obtusis</span> <span class='ocrx_word' id='word_1_113' title='bbox 1211 971 1527 1013; x_wconf 83' lang='lat' dir='ltr'>mucronulatis</span> <span class='ocrx_word' id='word_1_114' title='bbox 1550 973 1745 1026; x_wconf 83' lang='lat' dir='ltr'>margine</span> <span class='ocrx_word' id='word_1_115' title='bbox 1769 973 1896 1015; x_wconf 84' lang='lat' dir='ltr'>valde</span> 
     </span>
     <span class='ocr_line' id='line_1_14' title="bbox 194 1029 1896 1087; baseline -0.002 -10"><span class='ocrx_word' id='word_1_116' title='bbox 194 1034 362 1078; x_wconf 84' lang='lat' dir='ltr'>scabris</span> <span class='ocrx_word' id='word_1_117' title='bbox 386 1034 593 1087; x_wconf 88' lang='lat' dir='ltr'>utrinque</span> <span class='ocrx_word' id='word_1_118' title='bbox 620 1030 959 1086; x_wconf 86' lang='lat' dir='ltr'>pubescentibus</span> <span class='ocrx_word' id='word_1_119' title='bbox 988 1029 1171 1072; x_wconf 84' lang='lat' dir='ltr'>caulinis</span> <span class='ocrx_word' id='word_1_120' title='bbox 1205 1030 1322 1083; x_wconf 81' lang='lat'>10-8,</span> <span class='ocrx_word' id='word_1_121' title='bbox 1358 1029 1582 1084; x_wconf 89' lang='lat' dir='ltr'>pedicellis</span> <span class='ocrx_word' id='word_1_122' title='bbox 1613 1031 1896 1085; x_wconf 88' lang='lat' dir='ltr'>capillaribus</span> 
     </span>
     <span class='ocr_line' id='line_1_15' title="bbox 195 1089 1896 1145; baseline -0.003 -10"><span class='ocrx_word' id='word_1_123' title='bbox 195 1092 305 1135; x_wconf 87' lang='lat' dir='ltr'>flore</span> <span class='ocrx_word' id='word_1_124' title='bbox 340 1093 413 1134; x_wconf 82' lang='lat' dir='ltr'>vix</span> <span class='ocrx_word' id='word_1_125' title='bbox 447 1090 714 1145; x_wconf 76' lang='lat' dir='ltr'>longioribus</span> <span class='ocrx_word' id='word_1_126' title='bbox 744 1092 843 1131; x_wconf 89' lang='lat' dir='ltr'>ante</span> <span class='ocrx_word' id='word_1_127' title='bbox 879 1091 922 1130; x_wconf 85' lang='lat' dir='ltr'>et</span> <span class='ocrx_word' id='word_1_128' title='bbox 956 1091 1053 1142; x_wconf 89' lang='lat' dir='ltr'>post</span> <span class='ocrx_word' id='word_1_129' title='bbox 1101 1089 1299 1130; x_wconf 86' lang='lat' dir='ltr'>anthesi·1</span> <span class='ocrx_word' id='word_1_130' title='bbox 1342 1089 1689 1142; x_wconf 85' lang='lat' dir='ltr'>erecto-patulis,</span> <span class='ocrx_word' id='word_1_131' title='bbox 1722 1090 1896 1132; x_wconf 84' lang='lat' dir='ltr'>corollae</span> 
     </span>
     <span class='ocr_line' id='line_1_16' title="bbox 193 1147 1688 1202; baseline -0.003 -9"><span class='ocrx_word' id='word_1_132' title='bbox 193 1151 305 1194; x_wconf 90' lang='lat' dir='ltr'>lobis</span> <span class='ocrx_word' id='word_1_133' title='bbox 330 1151 433 1193; x_wconf 87' lang='lat' dir='ltr'>tubo</span> <span class='ocrx_word' id='word_1_134' title='bbox 460 1148 727 1202; x_wconf 84' lang='lat' dir='ltr'>longioribus</span> <span class='ocrx_word' id='word_1_135' title='bbox 749 1147 1010 1189; x_wconf 86' lang='lat' dir='ltr'>brevissime</span> <span class='ocrx_word' id='word_1_136' title='bbox 1032 1147 1312 1200; x_wconf 82' lang='lat' dir='ltr'>mucronatis,</span> <span class='ocrx_word' id='word_1_137' title='bbox 1332 1147 1476 1189; x_wconf 71' lang='lat' dir='ltr'>fructu</span> <span class='ocrx_word' id='word_1_138' title='bbox 1503 1148 1597 1189; x_wconf 80' lang='lat' dir='ltr'>laevi</span> <span class='ocrx_word' id='word_1_139' title='bbox 1629 1154 1666 1195; x_wconf 75' lang='lat'>‘36</span> <span class='ocrx_word' id='word_1_140' title='bbox 1680 1181 1688 1189; x_wconf 99' lang='lat'><strong>.</strong></span> 
     </span>
    </p>
   </div>
   <div class='ocr_carea' id='block_1_6' title="bbox 193 1219 1896 1363">
    <p class='ocr_par' dir='ltr' id='par_1_6' title="bbox 193 1219 1896 1363">
     <span class='ocr_line' id='line_1_17' title="bbox 240 1219 1896 1267; baseline 0 -10"><span class='ocrx_word' id='word_1_141' title='bbox 240 1223 343 1258; x_wconf 86' lang='lat' dir='ltr'>Hah.</span> <span class='ocrx_word' id='word_1_142' title='bbox 363 1223 403 1257; x_wconf 92' lang='lat' dir='ltr'>in</span> <span class='ocrx_word' id='word_1_143' title='bbox 422 1222 547 1267; x_wconf 73' lang='lat' dir='ltr'>sylvis</span> <span class='ocrx_word' id='word_1_144' title='bbox 575 1220 774 1257; x_wconf 86' lang='lat' dir='ltr'>umbrosis</span> <span class='ocrx_word' id='word_1_145' title='bbox 797 1220 943 1255; x_wconf 82' lang='lat' dir='ltr'>montis</span> <span class='ocrx_word' id='word_1_146' title='bbox 961 1219 1118 1255; x_wconf 78' lang='lat' dir='ltr'>Malevo</span> <span class='ocrx_word' id='word_1_147' title='bbox 1138 1219 1317 1254; x_wconf 78' lang='lat' dir='ltr'>Laconiae</span> <span class='ocrx_word' id='word_1_148' title='bbox 1344 1230 1463 1265; x_wconf 88' lang='lat' dir='ltr'>prope</span> <span class='ocrx_word' id='word_1_149' title='bbox 1486 1219 1714 1255; x_wconf 83' lang='lat' dir='ltr'>Kastanitza</span> <span class='ocrx_word' id='word_1_150' title='bbox 1732 1221 1896 1265; x_wconf 78' lang='lat' dir='ltr'>(Heldrl</span> 
     </span>
     <span class='ocr_line' id='line_1_18' title="bbox 196 1266 1895 1316; baseline -0.001 -11"><span class='ocrx_word' id='word_1_151' title='bbox 196 1269 314 1316; x_wconf 86' lang='lat' dir='ltr'>Orph.</span> <span class='ocrx_word' id='word_1_152' title='bbox 342 1269 401 1304; x_wconf 89' lang='lat' dir='ltr'>Fl.</span> <span class='ocrx_word' id='word_1_153' title='bbox 431 1270 496 1304; x_wconf 89' lang='lat' dir='ltr'>Gr.</span> <span class='ocrx_word' id='word_1_154' title='bbox 524 1279 605 1304; x_wconf 80' lang='lat' dir='ltr'>exs.</span> <span class='ocrx_word' id='word_1_155' title='bbox 637 1268 759 1313; x_wconf 85' lang='grc'>1851),</span> <span class='ocrx_word' id='word_1_156' title='bbox 782 1267 821 1302; x_wconf 92' lang='lat' dir='ltr'>in</span> <span class='ocrx_word' id='word_1_157' title='bbox 852 1266 1031 1302; x_wconf 82' lang='lat' dir='ltr'>faucibus</span> <span class='ocrx_word' id='word_1_158' title='bbox 1059 1266 1257 1301; x_wconf 87' lang='lat' dir='ltr'>umbrosis</span> <span class='ocrx_word' id='word_1_159' title='bbox 1288 1267 1434 1301; x_wconf 87' lang='lat' dir='ltr'>montis</span> <span class='ocrx_word' id='word_1_160' title='bbox 1461 1266 1627 1311; x_wconf 84' lang='lat' dir='ltr'>Kyllene</span> <span class='ocrx_word' id='word_1_161' title='bbox 1651 1270 1688 1302; x_wconf 86' lang='lat' dir='ltr'>et</span> <span class='ocrx_word' id='word_1_162' title='bbox 1713 1268 1895 1312; x_wconf 86' lang='lat' dir='ltr'>Gymno-</span> 
     </span>
     <span class='ocr_line' id='line_1_19' title="bbox 193 1312 1896 1363; baseline -0.001 -11"><span class='ocrx_word' id='word_1_163' title='bbox 193 1327 328 1352; x_wconf 84' lang='lat' dir='ltr'>vouno</span> <span class='ocrx_word' id='word_1_164' title='bbox 353 1327 474 1363; x_wconf 87' lang='lat' dir='ltr'>supra</span> <span class='ocrx_word' id='word_1_165' title='bbox 490 1315 655 1351; x_wconf 86' lang='lat' dir='ltr'>Trikala</span> <span class='ocrx_word' id='word_1_166' title='bbox 671 1314 738 1350; x_wconf 86' lang='lat' dir='ltr'>alt.</span> <span class='ocrx_word' id='word_1_167' title='bbox 755 1313 859 1350; x_wconf 76' lang='lat'>4000·</span> <span class='ocrx_word' id='word_1_168' title='bbox 879 1316 918 1349; x_wconf 87' lang='lat' dir='ltr'>et</span> <span class='ocrx_word' id='word_1_169' title='bbox 944 1314 1089 1349; x_wconf 89' lang='lat' dir='ltr'>montis</span> <span class='ocrx_word' id='word_1_170' title='bbox 1107 1312 1250 1360; x_wconf 74' lang='lat' dir='ltr'>Delphi</span> <span class='ocrx_word' id='word_1_171' title='bbox 1272 1313 1418 1348; x_wconf 70' lang='lat' dir='ltr'>Euheae</span> <span class='ocrx_word' id='word_1_172' title='bbox 1439 1312 1668 1350; x_wconf 75' lang='lat'>2000’-4000’</span> <span class='ocrx_word' id='word_1_173' title='bbox 1697 1314 1840 1359; x_wconf 85' lang='lat' dir='ltr'>(Heldr</span> <span class='ocrx_word' id='word_1_174' title='bbox 1855 1317 1896 1360; x_wconf 86' lang='grc'>1).</span> 
     </span>
    </p>
   </div>
   <div class='ocr_carea' id='block_1_7' title="bbox 194 1363 1896 1513">
    <p class='ocr_par' dir='ltr' id='par_1_7' title="bbox 194 1363 1896 1513">
     <span class='ocr_line' id='line_1_20' title="bbox 194 1363 1896 1466; baseline -0.001 -11"><span class='ocrx_word' id='word_1_175' title='bbox 194 1363 464 1466; x_wconf 49' lang='grc' dir='ltr'>ΕΙΤῖῗὲοἒεῖ1ἕ,</span> <span class='ocrx_word' id='word_1_176' title='bbox 481 1418 597 1454; x_wconf 88' lang='lat' dir='ltr'>affine</span> <span class='ocrx_word' id='word_1_177' title='bbox 622 1416 668 1453; x_wconf 94' lang='lat' dir='ltr'>G.</span> <span class='ocrx_word' id='word_1_178' title='bbox 686 1416 854 1452; x_wconf 78' lang='lat' dir='ltr'>aristato</span> <span class='ocrx_word' id='word_1_179' title='bbox 866 1429 880 1460; x_wconf 89' lang='lat'><em>;</em></span> <span class='ocrx_word' id='word_1_180' title='bbox 903 1415 1033 1451; x_wconf 86' lang='lat' dir='ltr'>differt</span> <span class='ocrx_word' id='word_1_181' title='bbox 1047 1415 1292 1459; x_wconf 83' lang='lat' dir='ltr'>indumento,</span> <span class='ocrx_word' id='word_1_182' title='bbox 1318 1414 1431 1451; x_wconf 76' lang='lat' dir='ltr'>caule</span> <span class='ocrx_word' id='word_1_183' title='bbox 1461 1426 1627 1462; x_wconf 88' lang='lat' dir='ltr'>superne</span> <span class='ocrx_word' id='word_1_184' title='bbox 1646 1416 1896 1453; x_wconf 81' lang='lat' dir='ltr'>manifestius</span> 
     </span>
     <span class='ocr_line' id='line_1_21' title="bbox 194 1462 1895 1513; baseline -0.001 -11"><span class='ocrx_word' id='word_1_185' title='bbox 194 1465 480 1513; x_wconf 82' lang='lat' dir='ltr'>quadrangulo,</span> <span class='ocrx_word' id='word_1_186' title='bbox 499 1464 603 1501; x_wconf 84' lang='lat' dir='ltr'>foliis</span> <span class='ocrx_word' id='word_1_187' title='bbox 621 1463 799 1510; x_wconf 85' lang='lat' dir='ltr'>margine</span> <span class='ocrx_word' id='word_1_188' title='bbox 816 1462 933 1499; x_wconf 87' lang='lat' dir='ltr'>valde</span> <span class='ocrx_word' id='word_1_189' title='bbox 958 1462 1116 1508; x_wconf 63' lang='lat' dir='ltr'>scabris,</span> <span class='ocrx_word' id='word_1_190' title='bbox 1140 1462 1299 1498; x_wconf 82' lang='lat' dir='ltr'>corollae</span> <span class='ocrx_word' id='word_1_191' title='bbox 1325 1462 1430 1498; x_wconf 87' lang='lat' dir='ltr'>lobis</span> <span class='ocrx_word' id='word_1_192' title='bbox 1454 1462 1625 1498; x_wconf 87' lang='lat' dir='ltr'>breviter</span> <span class='ocrx_word' id='word_1_193' title='bbox 1641 1465 1895 1500; x_wconf 83' lang='lat' dir='ltr'>mucronatis.</span> 
     </span>
    </p>
   </div>
   <div class='ocr_carea' id='block_1_8' title="bbox 180 1572 1896 2041">
    <p class='ocr_par' dir='ltr' id='par_1_8' title="bbox 180 1572 1896 2041">
     <span class='ocr_line' id='line_1_22' title="bbox 252 1572 1895 1631; baseline -0.001 -11"><span class='ocrx_word' id='word_1_194' title='bbox 252 1580 293 1621; x_wconf 87' lang='lat'>8.</span> <span class='ocrx_word' id='word_1_195' title='bbox 328 1577 389 1620; x_wconf 83' lang='lat' dir='ltr'>G.</span> <span class='ocrx_word' id='word_1_196' title='bbox 425 1575 803 1631; x_wconf 73' lang='lat' dir='ltr'>lonqifolium</span> <span class='ocrx_word' id='word_1_197' title='bbox 836 1573 994 1629; x_wconf 78' lang='lat' dir='ltr'>(Sibth.</span> <span class='ocrx_word' id='word_1_198' title='bbox 1029 1572 1089 1614; x_wconf 87' lang='lat' dir='ltr'>Fl.</span> <span class='ocrx_word' id='word_1_199' title='bbox 1122 1572 1258 1616; x_wconf 58' lang='lat' dir='ltr'>Graec.</span> <span class='ocrx_word' id='word_1_200' title='bbox 1292 1572 1345 1627; x_wconf 82' lang='grc' dir='ltr'>ΙΙ,</span> <span class='ocrx_word' id='word_1_201' title='bbox 1382 1588 1423 1629; x_wconf 90' lang='lat' dir='ltr'>p.</span> <span class='ocrx_word' id='word_1_202' title='bbox 1463 1575 1529 1627; x_wconf 85' lang='grc'>15,</span> <span class='ocrx_word' id='word_1_203' title='bbox 1567 1575 1652 1617; x_wconf 82' lang='grc'>131).</span> <span class='ocrx_word' id='word_1_204' title='bbox 1688 1576 1769 1618; x_wconf 90' lang='grc'>118</span> <span class='ocrx_word' id='word_1_205' title='bbox 1810 1576 1895 1619; x_wconf 87' lang='lat' dir='ltr'>sub</span> 
     </span>
     <span class='ocr_line' id='line_1_23' title="bbox 192 1632 1892 1690; baseline -0.001 -11"><span class='ocrx_word' id='word_1_206' title='bbox 192 1635 432 1690; x_wconf 68' lang='lat' dir='ltr'>Asperum)</span> <span class='ocrx_word' id='word_1_207' title='bbox 470 1635 681 1688; x_wconf 87' lang='lat' dir='ltr'>glabrum,</span> <span class='ocrx_word' id='word_1_208' title='bbox 717 1633 1009 1687; x_wconf 83' lang='lat' dir='ltr'>glaucescenS‚</span> <span class='ocrx_word' id='word_1_209' title='bbox 1046 1632 1169 1674; x_wconf 89' lang='lat' dir='ltr'>caule</span> <span class='ocrx_word' id='word_1_210' title='bbox 1210 1632 1376 1685; x_wconf 88' lang='lat' dir='ltr'>virgato</span> <span class='ocrx_word' id='word_1_211' title='bbox 1421 1636 1563 1676; x_wconf 84' lang='lat' dir='ltr'>erecto</span> <span class='ocrx_word' id='word_1_212' title='bbox 1608 1633 1719 1676; x_wconf 85' lang='lat' dir='ltr'>elato</span> <span class='ocrx_word' id='word_1_213' title='bbox 1763 1636 1892 1678; x_wconf 87' lang='lat' dir='ltr'>tereti</span> 
     </span>
     <span class='ocr_line' id='line_1_24' title="bbox 190 1691 1891 1746; baseline -0.002 -8"><span class='ocrx_word' id='word_1_214' title='bbox 190 1696 326 1738; x_wconf 86' lang='lat' dir='ltr'>ramis</span> <span class='ocrx_word' id='word_1_215' title='bbox 349 1694 538 1737; x_wconf 83' lang='lat' dir='ltr'>obsolete</span> <span class='ocrx_word' id='word_1_216' title='bbox 560 1693 774 1746; x_wconf 84' lang='lat' dir='ltr'>angulatis</span> <span class='ocrx_word' id='word_1_217' title='bbox 801 1702 992 1746; x_wconf 82' lang='lat' dir='ltr'>superne</span> <span class='ocrx_word' id='word_1_218' title='bbox 1026 1691 1071 1732; x_wconf 91' lang='lat' dir='ltr'>in</span> <span class='ocrx_word' id='word_1_219' title='bbox 1101 1691 1346 1745; x_wconf 89' lang='lat' dir='ltr'>paniculam</span> <span class='ocrx_word' id='word_1_220' title='bbox 1372 1692 1684 1745; x_wconf 84' lang='lat' dir='ltr'>amplissimam</span> <span class='ocrx_word' id='word_1_221' title='bbox 1708 1693 1891 1736; x_wconf 80' lang='lat' dir='ltr'>effusam</span> 
     </span>
     <span class='ocr_line' id='line_1_25' title="bbox 192 1749 1896 1806; baseline -0.001 -10"><span class='ocrx_word' id='word_1_222' title='bbox 192 1754 392 1806; x_wconf 84' lang='lat' dir='ltr'>abeunti,</span> <span class='ocrx_word' id='word_1_223' title='bbox 432 1753 543 1795; x_wconf 82' lang='lat' dir='ltr'>foliis</span> <span class='ocrx_word' id='word_1_224' title='bbox 582 1749 1005 1794; x_wconf 89' lang='lat' dir='ltr'>lineari-lanceolatis</span> <span class='ocrx_word' id='word_1_225' title='bbox 1036 1750 1243 1804; x_wconf 87' lang='lat' dir='ltr'>utrinque</span> <span class='ocrx_word' id='word_1_226' title='bbox 1279 1751 1512 1793; x_wconf 72' lang='lat' dir='ltr'>attenuatIs</span> <span class='ocrx_word' id='word_1_227' title='bbox 1550 1751 1686 1793; x_wconf 88' lang='lat' dir='ltr'>acutis</span> <span class='ocrx_word' id='word_1_228' title='bbox 1721 1764 1896 1795; x_wconf 86' lang='lat' dir='ltr'>mucro-</span> 
     </span>
     <span class='ocr_line' id='line_1_26' title="bbox 192 1808 1895 1865; baseline -0.002 -10"><span class='ocrx_word' id='word_1_229' title='bbox 192 1813 306 1855; x_wconf 88' lang='lat' dir='ltr'>natis</span> <span class='ocrx_word' id='word_1_230' title='bbox 333 1812 526 1864; x_wconf 80' lang='lat' dir='ltr'>margine</span> <span class='ocrx_word' id='word_1_231' title='bbox 554 1810 837 1853; x_wconf 82' lang='lat' dir='ltr'>subrevoluto</span> <span class='ocrx_word' id='word_1_232' title='bbox 863 1808 1076 1851; x_wconf 85' lang='lat' dir='ltr'>scabridis</span> <span class='ocrx_word' id='word_1_233' title='bbox 1102 1809 1286 1851; x_wconf 86' lang='lat' dir='ltr'>caulinis</span> <span class='ocrx_word' id='word_1_234' title='bbox 1318 1809 1436 1851; x_wconf 89' lang='lat' dir='ltr'>senis</span> <span class='ocrx_word' id='word_1_235' title='bbox 1459 1810 1527 1851; x_wconf 84' lang='lat' dir='ltr'>vel</span> <span class='ocrx_word' id='word_1_236' title='bbox 1559 1811 1737 1863; x_wconf 81' lang='lat' dir='ltr'>octonis,</span> <span class='ocrx_word' id='word_1_237' title='bbox 1769 1810 1895 1865; x_wconf 86' lang='lat' dir='ltr'>pedi-</span> 
     </span>
     <span class='ocr_line' id='line_1_27' title="bbox 191 1867 1890 1925; baseline -0.001 -11"><span class='ocrx_word' id='word_1_238' title='bbox 191 1871 312 1914; x_wconf 87' lang='lat' dir='ltr'>cellis</span> <span class='ocrx_word' id='word_1_239' title='bbox 328 1870 605 1925; x_wconf 90' lang='lat' dir='ltr'>capillaribus</span> <span class='ocrx_word' id='word_1_240' title='bbox 622 1872 721 1911; x_wconf 86' lang='lat' dir='ltr'>ante</span> <span class='ocrx_word' id='word_1_241' title='bbox 738 1872 779 1911; x_wconf 88' lang='lat' dir='ltr'>et</span> <span class='ocrx_word' id='word_1_242' title='bbox 802 1871 899 1922; x_wconf 86' lang='lat' dir='ltr'>post</span> <span class='ocrx_word' id='word_1_243' title='bbox 917 1867 1117 1909; x_wconf 82' lang='lat' dir='ltr'>anthesin</span> <span class='ocrx_word' id='word_1_244' title='bbox 1135 1867 1462 1922; x_wconf 86' lang='lat' dir='ltr'>erecto-patulis</span> <span class='ocrx_word' id='word_1_245' title='bbox 1482 1868 1589 1911; x_wconf 87' lang='lat' dir='ltr'>flore</span> <span class='ocrx_word' id='word_1_246' title='bbox 1607 1868 1890 1923; x_wconf 85' lang='lat' dir='ltr'>longioribus,</span> 
     </span>
     <span class='ocr_line' id='line_1_28' title="bbox 191 1926 1896 1980; baseline -0.002 -8"><span class='ocrx_word' id='word_1_247' title='bbox 191 1929 361 1972; x_wconf 83' lang='lat' dir='ltr'>corollae</span> <span class='ocrx_word' id='word_1_248' title='bbox 375 1929 486 1971; x_wconf 69' lang='lat' dir='ltr'>loliis</span> <span class='ocrx_word' id='word_1_249' title='bbox 501 1927 603 1971; x_wconf 88' lang='lat' dir='ltr'>tubo</span> <span class='ocrx_word' id='word_1_250' title='bbox 619 1926 887 1980; x_wconf 86' lang='lat' dir='ltr'>longioribus</span> <span class='ocrx_word' id='word_1_251' title='bbox 905 1926 1090 1978; x_wconf 84' lang='lat' dir='ltr'>muticiS,</span> <span class='ocrx_word' id='word_1_252' title='bbox 1115 1926 1260 1968; x_wconf 84' lang='lat' dir='ltr'>fructu</span> <span class='ocrx_word' id='word_1_253' title='bbox 1298 1926 1394 1968; x_wconf 72' lang='lat' dir='ltr'>laevi</span> <span class='ocrx_word' id='word_1_254' title='bbox 1418 1926 1567 1979; x_wconf 78' lang='lat' dir='ltr'>glabro</span> <span class='ocrx_word' id='word_1_255' title='bbox 1595 1933 1653 1975; x_wconf 58' lang='grc' dir='ltr'>ν.</span> <span class='ocrx_word' id='word_1_256' title='bbox 1679 1927 1727 1969; x_wconf 82' lang='lat' dir='ltr'>G.</span> <span class='ocrx_word' id='word_1_257' title='bbox 1751 1926 1896 1980; x_wconf 67' lang='lat' dir='ltr'>lonqi-</span> 
     </span>
     <span class='ocr_line' id='line_1_29' title="bbox 180 1983 1890 2041; baseline -0.001 -11"><span class='ocrx_word' id='word_1_258' title='bbox 180 1987 353 2040; x_wconf 64' lang='lat' dir='ltr'>folium</span> <span class='ocrx_word' id='word_1_259' title='bbox 375 1987 544 2030; x_wconf 86' lang='lat' dir='ltr'>Griseb.</span> <span class='ocrx_word' id='word_1_260' title='bbox 571 1986 682 2041; x_wconf 88' lang='lat' dir='ltr'>Spic.</span> <span class='ocrx_word' id='word_1_261' title='bbox 705 1986 759 2039; x_wconf 91' lang='lat' dir='ltr'>II,</span> <span class='ocrx_word' id='word_1_262' title='bbox 787 1999 826 2040; x_wconf 92' lang='lat' dir='ltr'>p.</span> <span class='ocrx_word' id='word_1_263' title='bbox 858 1986 954 2026; x_wconf 82' lang='lat'><strong>157.</strong></span> <span class='ocrx_word' id='word_1_264' title='bbox 976 2008 1031 2013; x_wconf 84' lang='lat'>——</span> <span class='ocrx_word' id='word_1_265' title='bbox 1050 1983 1100 2025; x_wconf 87' lang='lat' dir='ltr'>G.</span> <span class='ocrx_word' id='word_1_266' title='bbox 1125 1983 1314 2036; x_wconf 69' lang='lat' dir='ltr'>effusum</span> <span class='ocrx_word' id='word_1_267' title='bbox 1339 1985 1477 2028; x_wconf 88' lang='lat' dir='ltr'>Boiss.</span> <span class='ocrx_word' id='word_1_268' title='bbox 1505 1986 1656 2039; x_wconf 87' lang='lat' dir='ltr'>Diagn.</span> <span class='ocrx_word' id='word_1_269' title='bbox 1677 1985 1769 2028; x_wconf 89' lang='lat' dir='ltr'>Ser.</span> <span class='ocrx_word' id='word_1_270' title='bbox 1793 1986 1825 2039; x_wconf 87' lang='grc' dir='ltr'>Ι,</span> <span class='ocrx_word' id='word_1_271' title='bbox 1850 1987 1890 2040; x_wconf 80' lang='lat'>3,</span> 
     </span>
    </p>
   </div>
   <div class='ocr_carea' id='block_1_9' title="bbox 191 2048 330 2101">
    <p class='ocr_par' dir='ltr' id='par_1_9' title="bbox 191 2048 330 2101">
     <span class='ocr_line' id='line_1_30' title="bbox 191 2048 330 2101; baseline -0.014 -12"><span class='ocrx_word' id='word_1_272' title='bbox 191 2060 231 2101; x_wconf 89' lang='lat' dir='ltr'>p.</span> <span class='ocrx_word' id='word_1_273' title='bbox 262 2048 330 2088; x_wconf 81' lang='lat'>35.</span> 
     </span>
    </p>
   </div>
   <div class='ocr_carea' id='block_1_10' title="bbox 189 2114 1888 2211">
    <p class='ocr_par' dir='ltr' id='par_1_10' title="bbox 189 2114 1888 2211">
     <span class='ocr_line' id='line_1_31' title="bbox 238 2114 1888 2164; baseline -0.001 -9"><span class='ocrx_word' id='word_1_274' title='bbox 238 2119 340 2154; x_wconf 89' lang='lat' dir='ltr'>Hab.</span> <span class='ocrx_word' id='word_1_275' title='bbox 359 2119 400 2154; x_wconf 90' lang='lat' dir='ltr'>in</span> <span class='ocrx_word' id='word_1_276' title='bbox 419 2120 575 2164; x_wconf 85' lang='lat' dir='ltr'>regione</span> <span class='ocrx_word' id='word_1_277' title='bbox 601 2116 795 2163; x_wconf 76' lang='lat' dir='ltr'>sylvatica</span> <span class='ocrx_word' id='word_1_278' title='bbox 820 2119 857 2151; x_wconf 81' lang='lat' dir='ltr'>et</span> <span class='ocrx_word' id='word_1_279' title='bbox 886 2116 1077 2151; x_wconf 72' lang='lat' dir='ltr'>montana</span> <span class='ocrx_word' id='word_1_280' title='bbox 1102 2114 1263 2162; x_wconf 90' lang='lat' dir='ltr'>Olympi</span> <span class='ocrx_word' id='word_1_281' title='bbox 1292 2116 1457 2162; x_wconf 53' lang='lat' dir='ltr'>Bithyni</span> <span class='ocrx_word' id='word_1_282' title='bbox 1483 2117 1623 2161; x_wconf 85' lang='lat' dir='ltr'>(Auch.</span> <span class='ocrx_word' id='word_1_283' title='bbox 1645 2117 1715 2152; x_wconf 77' lang='lat'>722</span> <span class='ocrx_word' id='word_1_284' title='bbox 1735 2119 1773 2152; x_wconf 89' lang='lat' dir='ltr'>et</span> <span class='ocrx_word' id='word_1_285' title='bbox 1797 2118 1888 2154; x_wconf 77' lang='lat'>7241</span> 
     </span>
     <span class='ocr_line' id='line_1_32' title="bbox 189 2162 1888 2211; baseline -0.001 -10"><span class='ocrx_word' id='word_1_286' title='bbox 189 2165 303 2201; x_wconf 89' lang='lat' dir='ltr'>Boiss</span> <span class='ocrx_word' id='word_1_287' title='bbox 317 2168 353 2211; x_wconf 87' lang='lat' dir='ltr'>l),</span> <span class='ocrx_word' id='word_1_288' title='bbox 378 2167 419 2200; x_wconf 91' lang='lat' dir='ltr'>in</span> <span class='ocrx_word' id='word_1_289' title='bbox 437 2166 554 2211; x_wconf 78' lang='lat' dir='ltr'>sylva</span> <span class='ocrx_word' id='word_1_290' title='bbox 572 2164 742 2210; x_wconf 86' lang='lat' dir='ltr'>Belgrad</span> <span class='ocrx_word' id='word_1_291' title='bbox 760 2164 810 2198; x_wconf 84' lang='lat' dir='ltr'>ad</span> <span class='ocrx_word' id='word_1_292' title='bbox 830 2163 1067 2209; x_wconf 84' lang='lat' dir='ltr'>Byzantium</span> <span class='ocrx_word' id='word_1_293' title='bbox 1085 2162 1255 2208; x_wconf 73' lang='grc'>(8111111),</span> <span class='ocrx_word' id='word_1_294' title='bbox 1271 2163 1312 2198; x_wconf 83' lang='grc'>111</span> <span class='ocrx_word' id='word_1_295' title='bbox 1338 2163 1469 2198; x_wconf 90' lang='lat' dir='ltr'>Tauro</span> <span class='ocrx_word' id='word_1_296' title='bbox 1496 2163 1654 2200; x_wconf 70' lang='lat' dir='ltr'>Cilicico</span> <span class='ocrx_word' id='word_1_297' title='bbox 1680 2164 1731 2199; x_wconf 86' lang='lat' dir='ltr'>ad</span> <span class='ocrx_word' id='word_1_298' title='bbox 1758 2164 1888 2201; x_wconf 77' lang='lat' dir='ltr'>Gulek</span> 
     </span>
    </p>
   </div>
   <div class='ocr_carea' id='block_1_11' title="bbox 188 2209 1061 2258">
    <p class='ocr_par' dir='ltr' id='par_1_11' title="bbox 188 2209 1061 2258">
     <span class='ocr_line' id='line_1_33' title="bbox 188 2209 1061 2258; baseline -0.006 -9"><span class='ocrx_word' id='word_1_299' title='bbox 188 2212 293 2249; x_wconf 81' lang='lat'>3800’</span> <span class='ocrx_word' id='word_1_300' title='bbox 312 2213 405 2258; x_wconf 61' lang='grc' dir='ltr'>(ΚΥ.</span> <span class='ocrx_word' id='word_1_301' title='bbox 425 2212 496 2249; x_wconf 82' lang='grc'>353</span> <span class='ocrx_word' id='word_1_302' title='bbox 517 2214 555 2248; x_wconf 88' lang='grc'>01</span> <span class='ocrx_word' id='word_1_303' title='bbox 570 2211 665 2247; x_wconf 79' lang='lat' dir='ltr'>Ball</span> <span class='ocrx_word' id='word_1_304' title='bbox 684 2212 759 2247; x_wconf 89' lang='lat' dir='ltr'>sub</span> <span class='ocrx_word' id='word_1_305' title='bbox 780 2210 826 2246; x_wconf 90' lang='lat' dir='ltr'>G.</span> <span class='ocrx_word' id='word_1_306' title='bbox 843 2209 1061 2257; x_wconf 75' lang='lat' dir='ltr'>Zeiophyllo.</span> 
     </span>
    </p>
   </div>
   <div class='ocr_carea' id='block_1_12' title="bbox 188 2271 1890 2359">
    <p class='ocr_par' dir='ltr' id='par_1_12' title="bbox 188 2271 1890 2359">
     <span class='ocr_line' id='line_1_34' title="bbox 235 2271 1890 2359; baseline -0.001 -48"><span class='ocrx_word' id='word_1_307' title='bbox 235 2277 363 2359; x_wconf 47' lang='lat' dir='ltr'><strong>ssffintq</strong></span> <span class='ocrx_word' id='word_1_308' title='bbox 381 2275 429 2330; x_wconf 89' lang='lat' dir='ltr'>G.</span> <span class='ocrx_word' id='word_1_309' title='bbox 449 2276 618 2313; x_wconf 69' lang='lat' dir='ltr'>aristaeo</span> <span class='ocrx_word' id='word_1_310' title='bbox 640 2275 772 2311; x_wconf 82' lang='lat' dir='ltr'>differt</span> <span class='ocrx_word' id='word_1_311' title='bbox 792 2272 995 2320; x_wconf 87' lang='lat' dir='ltr'>pedicellis</span> <span class='ocrx_word' id='word_1_312' title='bbox 1023 2273 1118 2308; x_wconf 87' lang='lat' dir='ltr'>flore</span> <span class='ocrx_word' id='word_1_313' title='bbox 1142 2271 1292 2318; x_wconf 80' lang='lat' dir='ltr'>2-3-p10</span> <span class='ocrx_word' id='word_1_314' title='bbox 1312 2272 1573 2318; x_wconf 81' lang='lat' dir='ltr'>longioribus,</span> <span class='ocrx_word' id='word_1_315' title='bbox 1598 2273 1756 2310; x_wconf 86' lang='lat' dir='ltr'>corollae</span> <span class='ocrx_word' id='word_1_316' title='bbox 1781 2274 1890 2310; x_wconf 64' lang='lat' dir='ltr'>lobia</span> 
     </span>
     <span class='ocr_line' id='line_1_35' title="bbox 188 2333 433 2359; baseline 0 0"><span class='ocrx_word' id='word_1_317' title='bbox 188 2333 235 2359; x_wconf 88' lang='lat' dir='ltr'>su</span> <span class='ocrx_word' id='word_1_318' title='bbox 267 2334 334 2359; x_wconf 90' lang='lat' dir='ltr'>mu</span> <span class='ocrx_word' id='word_1_319' title='bbox 354 2334 433 2359; x_wconf 88' lang='grc'>1015.</span> 
     </span>
    </p>
   </div>
   <div class='ocr_carea' id='block_1_13' title="bbox 183 2434 1888 2904">
    <p class='ocr_par' dir='ltr' id='par_1_13' title="bbox 183 2434 1888 2904">
     <span class='ocr_line' id='line_1_36' title="bbox 248 2434 1886 2492; baseline -0.001 -11"><span class='ocrx_word' id='word_1_320' title='bbox 248 2440 288 2481; x_wconf 86' lang='grc'>9.</span> <span class='ocrx_word' id='word_1_321' title='bbox 324 2438 370 2482; x_wconf 87' lang='lat' dir='ltr'>G</span> <span class='ocrx_word' id='word_1_322' title='bbox 411 2438 556 2481; x_wconf 83' lang='lat' dir='ltr'>mite</span> <span class='ocrx_word' id='word_1_323' title='bbox 606 2437 767 2492; x_wconf 85' lang='lat' dir='ltr'>(Boiss.</span> <span class='ocrx_word' id='word_1_324' title='bbox 811 2439 855 2478; x_wconf 89' lang='lat' dir='ltr'>et</span> <span class='ocrx_word' id='word_1_325' title='bbox 891 2436 1056 2479; x_wconf 83' lang='lat' dir='ltr'>Hohen.</span> <span class='ocrx_word' id='word_1_326' title='bbox 1094 2435 1247 2488; x_wconf 90' lang='lat' dir='ltr'>Diagn.</span> <span class='ocrx_word' id='word_1_327' title='bbox 1295 2434 1388 2477; x_wconf 91' lang='lat' dir='ltr'>Ser.</span> <span class='ocrx_word' id='word_1_328' title='bbox 1445 2434 1482 2487; x_wconf 89' lang='grc' dir='ltr'>Ι,</span> <span class='ocrx_word' id='word_1_329' title='bbox 1521 2448 1561 2489; x_wconf 92' lang='lat' dir='ltr'>p.</span> <span class='ocrx_word' id='word_1_330' title='bbox 1597 2435 1673 2490; x_wconf 80' lang='lat'>37)</span> <span class='ocrx_word' id='word_1_331' title='bbox 1695 2436 1886 2479; x_wconf 84' lang='lat' dir='ltr'>siccitate</span> 
     </span>
     <span class='ocr_line' id='line_1_37' title="bbox 186 2493 1887 2550; baseline -0.001 -10"><span class='ocrx_word' id='word_1_332' title='bbox 186 2498 406 2550; x_wconf 87' lang='lat' dir='ltr'>nigricans</span> <span class='ocrx_word' id='word_1_333' title='bbox 441 2497 653 2550; x_wconf 84' lang='lat' dir='ltr'>glabrum,</span> <span class='ocrx_word' id='word_1_334' title='bbox 690 2494 886 2538; x_wconf 90' lang='lat' dir='ltr'>caulibus</span> <span class='ocrx_word' id='word_1_335' title='bbox 921 2508 945 2537; x_wconf 90' lang='lat' dir='ltr'>a</span> <span class='ocrx_word' id='word_1_336' title='bbox 984 2494 1075 2537; x_wconf 90' lang='lat' dir='ltr'>basi</span> <span class='ocrx_word' id='word_1_337' title='bbox 1110 2493 1389 2536; x_wconf 84' lang='lat' dir='ltr'>suffruticosa</span> <span class='ocrx_word' id='word_1_338' title='bbox 1428 2495 1601 2537; x_wconf 80' lang='lat' dir='ltr'>ramosa</span> <span class='ocrx_word' id='word_1_339' title='bbox 1636 2496 1887 2539; x_wconf 86' lang='lat' dir='ltr'>numerosis</span> 
     </span>
     <span class='ocr_line' id='line_1_38' title="bbox 186 2552 1888 2607; baseline -0.001 -9"><span class='ocrx_word' id='word_1_340' title='bbox 186 2557 345 2599; x_wconf 87' lang='lat' dir='ltr'>erectis</span> <span class='ocrx_word' id='word_1_341' title='bbox 367 2556 491 2599; x_wconf 84' lang='lat' dir='ltr'>elatis</span> <span class='ocrx_word' id='word_1_342' title='bbox 512 2555 675 2598; x_wconf 88' lang='lat' dir='ltr'>foliosis</span> <span class='ocrx_word' id='word_1_343' title='bbox 700 2555 784 2597; x_wconf 87' lang='lat' dir='ltr'>late</span> <span class='ocrx_word' id='word_1_344' title='bbox 817 2557 860 2596; x_wconf 85' lang='lat' dir='ltr'>et</span> <span class='ocrx_word' id='word_1_345' title='bbox 890 2553 1044 2596; x_wconf 91' lang='lat' dir='ltr'>obtuse</span> <span class='ocrx_word' id='word_1_346' title='bbox 1078 2552 1390 2607; x_wconf 87' lang='lat' dir='ltr'>quadrangulis</span> <span class='ocrx_word' id='word_1_347' title='bbox 1413 2552 1610 2606; x_wconf 85' lang='lat' dir='ltr'>laevibus,</span> <span class='ocrx_word' id='word_1_348' title='bbox 1631 2553 1744 2595; x_wconf 82' lang='lat' dir='ltr'>foliis</span> <span class='ocrx_word' id='word_1_349' title='bbox 1768 2554 1888 2597; x_wconf 90' lang='lat' dir='ltr'>senis</span> 
     </span>
     <span class='ocr_line' id='line_1_39' title="bbox 186 2610 1886 2668; baseline -0.002 -11"><span class='ocrx_word' id='word_1_350' title='bbox 186 2615 428 2658; x_wconf 85' lang='lat' dir='ltr'>carnosulis</span> <span class='ocrx_word' id='word_1_351' title='bbox 452 2618 633 2668; x_wconf 87' lang='lat' dir='ltr'>anguste</span> <span class='ocrx_word' id='word_1_352' title='bbox 655 2613 893 2656; x_wconf 85' lang='lat' dir='ltr'>linearibus</span> <span class='ocrx_word' id='word_1_353' title='bbox 925 2612 1062 2655; x_wconf 88' lang='lat' dir='ltr'>acutis</span> <span class='ocrx_word' id='word_1_354' title='bbox 1096 2610 1361 2653; x_wconf 87' lang='lat' dir='ltr'>mucronatis</span> <span class='ocrx_word' id='word_1_355' title='bbox 1393 2610 1486 2654; x_wconf 90' lang='lat' dir='ltr'>basi</span> <span class='ocrx_word' id='word_1_356' title='bbox 1524 2612 1757 2654; x_wconf 87' lang='lat' dir='ltr'>attenuatis</span> <span class='ocrx_word' id='word_1_357' title='bbox 1783 2612 1886 2665; x_wconf 85' lang='lat' dir='ltr'>rigi-</span> 
     </span>
     <span class='ocr_line' id='line_1_40' title="bbox 185 2669 1886 2728; baseline -0.001 -14"><span class='ocrx_word' id='word_1_358' title='bbox 185 2673 301 2716; x_wconf 90' lang='lat' dir='ltr'>dulis</span> <span class='ocrx_word' id='word_1_359' title='bbox 334 2674 535 2724; x_wconf 81' lang='lat' dir='ltr'>laevibus,</span> <span class='ocrx_word' id='word_1_360' title='bbox 567 2673 767 2728; x_wconf 82' lang='lat' dir='ltr'>panicula</span> <span class='ocrx_word' id='word_1_361' title='bbox 784 2671 1001 2714; x_wconf 88' lang='lat' dir='ltr'>terminali</span> <span class='ocrx_word' id='word_1_362' title='bbox 1030 2672 1212 2724; x_wconf 78' lang='lat' dir='ltr'>angusta</span> <span class='ocrx_word' id='word_1_363' title='bbox 1246 2669 1393 2721; x_wconf 83' lang='lat' dir='ltr'>brevi,</span> <span class='ocrx_word' id='word_1_364' title='bbox 1417 2670 1639 2724; x_wconf 88' lang='lat' dir='ltr'>pedicellis</span> <span class='ocrx_word' id='word_1_365' title='bbox 1672 2672 1886 2713; x_wconf 88' lang='lat' dir='ltr'>crassius-</span> 
     </span>
     <span class='ocr_line' id='line_1_41' title="bbox 184 2728 1886 2784; baseline -0.002 -11"><span class='ocrx_word' id='word_1_366' title='bbox 184 2732 294 2774; x_wconf 87' lang='lat' dir='ltr'>culis</span> <span class='ocrx_word' id='word_1_367' title='bbox 333 2733 494 2775; x_wconf 88' lang='lat' dir='ltr'>strictis</span> <span class='ocrx_word' id='word_1_368' title='bbox 527 2732 637 2774; x_wconf 90' lang='lat' dir='ltr'>flore</span> <span class='ocrx_word' id='word_1_369' title='bbox 678 2731 753 2774; x_wconf 86' lang='lat' dir='ltr'>vix</span> <span class='ocrx_word' id='word_1_370' title='bbox 795 2729 1079 2784; x_wconf 78' lang='lat' dir='ltr'>longioribus.</span> <span class='ocrx_word' id='word_1_371' title='bbox 1122 2728 1293 2771; x_wconf 80' lang='lat' dir='ltr'>corollae</span> <span class='ocrx_word' id='word_1_372' title='bbox 1330 2728 1436 2770; x_wconf 87' lang='lat' dir='ltr'>albae</span> <span class='ocrx_word' id='word_1_373' title='bbox 1482 2728 1590 2772; x_wconf 91' lang='lat' dir='ltr'>lobis</span> <span class='ocrx_word' id='word_1_374' title='bbox 1626 2729 1886 2771; x_wconf 76' lang='grc'>1300001310-</span> 
     </span>
     <span class='ocr_line' id='line_1_42' title="bbox 183 2786 1884 2846; baseline -0.002 -13"><span class='ocrx_word' id='word_1_375' title='bbox 183 2790 378 2844; x_wconf 86' lang='lat' dir='ltr'>oblongis</span> <span class='ocrx_word' id='word_1_376' title='bbox 403 2792 445 2832; x_wconf 90' lang='lat' dir='ltr'>in</span> <span class='ocrx_word' id='word_1_377' title='bbox 472 2791 696 2846; x_wconf 88' lang='lat' dir='ltr'>cuspidem</span> <span class='ocrx_word' id='word_1_378' title='bbox 715 2789 1029 2844; x_wconf 87' lang='lat' dir='ltr'>longiusculam</span> <span class='ocrx_word' id='word_1_379' title='bbox 1051 2787 1325 2840; x_wconf 87' lang='lat' dir='ltr'>abeuntibus,</span> <span class='ocrx_word' id='word_1_380' title='bbox 1347 2786 1542 2830; x_wconf 86' lang='lat' dir='ltr'>antheris</span> <span class='ocrx_word' id='word_1_381' title='bbox 1563 2787 1750 2841; x_wconf 77' lang='lat' dir='ltr'>pallidis,</span> <span class='ocrx_word' id='word_1_382' title='bbox 1772 2787 1884 2841; x_wconf 88' lang='lat' dir='ltr'>stylo</span> 
     </span>
     <span class='ocr_line' id='line_1_43' title="bbox 183 2848 833 2904; baseline -0.002 -13"><span class='ocrx_word' id='word_1_383' title='bbox 183 2848 402 2904; x_wconf 84' lang='lat' dir='ltr'>bipartito,</span> <span class='ocrx_word' id='word_1_384' title='bbox 424 2850 569 2892; x_wconf 76' lang='lat' dir='ltr'>fructu</span> <span class='ocrx_word' id='word_1_385' title='bbox 589 2849 737 2903; x_wconf 88' lang='lat' dir='ltr'>glabro</span> <span class='ocrx_word' id='word_1_386' title='bbox 773 2855 833 2896; x_wconf 68' lang='lat'>26.</span> 
     </span>
    </p>
   </div>
   <div class='ocr_carea' id='block_1_14' title="bbox 181 2917 1882 3015">
    <p class='ocr_par' dir='ltr' id='par_1_14' title="bbox 181 2917 1882 3015">
     <span class='ocr_line' id='line_1_44' title="bbox 231 2917 1880 2968; baseline -0.001 -12"><span class='ocrx_word' id='word_1_387' title='bbox 231 2921 331 2957; x_wconf 84' lang='lat' dir='ltr'>Hah.</span> <span class='ocrx_word' id='word_1_388' title='bbox 347 2922 387 2957; x_wconf 89' lang='lat' dir='ltr'>in</span> <span class='ocrx_word' id='word_1_389' title='bbox 401 2924 533 2958; x_wconf 89' lang='lat' dir='ltr'>monte</span> <span class='ocrx_word' id='word_1_390' title='bbox 548 2921 773 2958; x_wconf 86' lang='lat' dir='ltr'>Aslandach</span> <span class='ocrx_word' id='word_1_391' title='bbox 782 2920 1041 2968; x_wconf 85' lang='lat' dir='ltr'>Cappadociae</span> <span class='ocrx_word' id='word_1_392' title='bbox 1052 2919 1155 2965; x_wconf 88' lang='lat' dir='ltr'>(Bal.</span> <span class='ocrx_word' id='word_1_393' title='bbox 1165 2929 1244 2955; x_wconf 76' lang='lat' dir='ltr'>eXS.</span> <span class='ocrx_word' id='word_1_394' title='bbox 1254 2918 1328 2954; x_wconf 82' lang='lat' dir='ltr'>sub</span> <span class='ocrx_word' id='word_1_395' title='bbox 1339 2918 1384 2955; x_wconf 90' lang='lat' dir='ltr'>G.</span> <span class='ocrx_word' id='word_1_396' title='bbox 1393 2918 1464 2955; x_wconf 74' lang='lat' dir='ltr'>zeio</span> <span class='ocrx_word' id='word_1_397' title='bbox 1494 2917 1645 2965; x_wconf 67' lang='lat' dir='ltr'>hyzloo,</span> <span class='ocrx_word' id='word_1_398' title='bbox 1654 2918 1880 2965; x_wconf 83' lang='lat' dir='ltr'>Berytdagh</span> 
     </span>
     <span class='ocr_line' id='line_1_45' title="bbox 181 2965 1882 3015; baseline -0.002 -10"><span class='ocrx_word' id='word_1_399' title='bbox 181 2968 289 3005; x_wconf 84' lang='lat'>8000&#39;</span> <span class='ocrx_word' id='word_1_400' title='bbox 307 2969 531 3015; x_wconf 80' lang='lat' dir='ltr'>(Hausskl]‚</span> <span class='ocrx_word' id='word_1_401' title='bbox 549 2969 590 3004; x_wconf 91' lang='lat' dir='ltr'>in</span> <span class='ocrx_word' id='word_1_402' title='bbox 608 2969 804 3005; x_wconf 82' lang='lat' dir='ltr'>Armeniae</span> <span class='ocrx_word' id='word_1_403' title='bbox 821 2967 1006 3004; x_wconf 82' lang='lat' dir='ltr'>australis</span> <span class='ocrx_word' id='word_1_404' title='bbox 1024 2966 1183 3014; x_wconf 84' lang='lat' dir='ltr'>alpibus</span> <span class='ocrx_word' id='word_1_405' title='bbox 1201 2965 1407 3012; x_wconf 80' lang='lat' dir='ltr'>Alischeri‚</span> <span class='ocrx_word' id='word_1_406' title='bbox 1422 2976 1445 3001; x_wconf 88' lang='lat' dir='ltr'>a</span> <span class='ocrx_word' id='word_1_407' title='bbox 1490 2965 1602 3012; x_wconf 86' lang='lat' dir='ltr'>Teng</span> <span class='ocrx_word' id='word_1_408' title='bbox 1618 2968 1656 3002; x_wconf 89' lang='lat' dir='ltr'>et</span> <span class='ocrx_word' id='word_1_409' title='bbox 1672 2965 1882 3002; x_wconf 85' lang='lat' dir='ltr'>Goschkar</span> 
     </span>
    </p>
   </div>
  </div>
 </body>
</html>
