2090 3291
251 207 323 244 564
985 216 1231 242 composrrAE.
1699 206 1951 255 Onopordon.

253 290 406 336 auctis,
425 288 617 331 acheniis
637 292 760 331 acute
783 288 1097 344 quadrangulis
1119 291 1371 332 transverse
1389 290 1562 343 rugosis
1580 301 1722 344 pappo
1741 289 1957 344 subduplo

250 348 447 401 longiore
475 347 695 401 superatis
720 347 789 402 Q).

298 422 399 457 Hah.
416 423 455 457 in
474 422 627 458 Libano
645 423 747 457 inter
764 422 912 469 Djouni
931 424 968 459 et
988 422 1162 459 Kherbet
1179 423 1341 459 ditionis
1360 422 1606 459 Sidoniensis
1625 426 1662 460 et
1680 423 1730 459 ad
1744 423 1832 459 Tell
1848 423 1956 468 (ΒΗ).

297 485 424 520 Affine
441 483 481 521 Ο.
501 494 662 521 nervoso
680 484 804 521 Boiss.
823 485 921 532 Voy.
941 485 1270 533 Esp.=Arabz'co
1287 486 1393 533 Jacq.
1415 486 1521 533 quod
1539 486 1614 522 alis
1630 486 1756 523 caulis
1775 489 1813 523 et
1831 497 1957 523 ramo-

247 540 336 568 rum
357 531 447 567 latis
465 532 663 577 indivisis,
681 532 832 579 phyllis
851 533 1152 579 angustioribus
1172 533 1411 580 longiusque
1431 533 1604 580 spinosis
1623 533 1763 570 differt.

310 653 380 695 13.
417 652 476 697 Ο.
515 653 832 708 leptolepis
869 657 965 705 (oc.
1007 653 1162 697 Prodr.
1203 654 1274 706 VI,
1314 667 1353 708 p.
1396 654 1502 708 619)
1536 655 1748 708 adpresse
1784 666 1953 706 canum,

248 713 373 755 caule
398 723 526 766 parce
554 716 596 755 et
622 712 816 755 breviter
838 725 1010 756 ramoso
1039 713 1348 767 angustissime
1377 714 1456 756 alis
1483 713 1557 756 vix
1585 714 1739 757 Iobatis
1766 713 1956 766 longius-

249 772 344 814 cule
378 771 619 825 spinulosis
652 772 924 825 marginato,
962 772 1078 814 foliis
1115 772 1397 815 inferioribus
1435 772 1575 816 ovatis
1612 784 1762 826 grosse
1801 772 1956 814 Iobatis

248 830 445 873 breviter
468 830 672 884 spinosis,
693 831 877 873 caulinis
900 831 1125 874 diminutis
1149 831 1398 874 lanceolatis
1421 831 1772 884 decurrentibus,
1793 831 1957 885 capitu-

248 889 302 930 lis
332 889 472 931 ovatis
505 888 818 943 approximatis
844 889 1150 935 mediocribus.
1180 890 1395 932 involucri
1426 890 1576 944 pallidi
1602 901 1730 945 parce
1757 889 1956 932 araneosi

245 948 411 1002 phyllis
424 948 627 990 omnibus
643 948 797 991 erectis
813 948 1051 991 imbricatis
1067 949 1119 991 ad
1126 949 1288 1003 pressis
1304 954 1487 1002 anguste
1500 948 1751 992 lanceolatis
1765 948 1956 992 tenuiter

248 1007 715 1049 subulam-attenuatis
747 1007 1033 1050 inferioribus
1064 1007 1342 1051 brevioribus
1369 1008 1438 1063 Θ.
1469 1007 1514 1050 0.
1541 1007 1790 1062 laoziyernm
1816 1006 1954 1050 Boiss.

248 1066 291 1107 in
325 1065 480 1119 Bourg.
507 1076 598 1107 exs.
628 1067 755 1108 18602.

296 1138 397 1173 Hab.
416 1139 455 1174 in
476 1139 662 1174 Armenia
680 1139 729 1174 ad
748 1139 891 1175 Baibut
909 1139 1103 1185 (Bourgl),
1119 1140 1158 1175 in
1176 1140 1309 1175 Persia
1329 1139 1583 1186 (Belangeri),
1599 1141 1639 1176 in
1657 1150 1766 1187 prov.
1786 1138 1955 1174 Khoras-

248 1195 320 1220 san
340 1186 482 1221 Persiae
500 1196 621 1233 prope
640 1186 751 1222 Mehr
769 1186 891 1232 (Ege,
909 1197 1008 1234 spec.
1031 1186 1149 1222 valde
1168 1187 1434 1234 incompleta).

293 1248 584 1295 Sesquipedale‚
605 1248 798 1285 involucri
820 1249 970 1296 phyllis
988 1250 1188 1296 adpressis
1210 1250 1250 1287 O.
1269 1260 1432 1286 nervoso
1451 1251 1488 1286 et
1505 1249 1819 1297 cynaroeephalo
1840 1249 1956 1285 affine

245 1296 376 1331 differt
397 1296 626 1332 indumento
642 1307 739 1332 cano
755 1300 792 1332 et
811 1298 1028 1343 praesertim
1048 1297 1198 1345 phyllis
1217 1298 1342 1333 multo
1357 1298 1655 1344 angustioribus
1669 1297 1842 1333 externis
1858 1297 1955 1332 inte-

249 1344 397 1378 riorum
418 1344 671 1390 proportione
690 1344 948 1389 longioribus.

309 1469 374 1509 14>
408 1467 467 1511 Ο.
505 1467 964 1523 polycephalum
997 1468 1157 1524 (Boiss.
1185 1469 1338 1522 Diagn.
1370 1468 1463 1512 Ser.
1493 1469 1546 1522 ΙΙ,
1571 1470 1611 1521 3,
1640 1482 1679 1523 p.
1708 1470 1785 1522 47)
1812 1470 1949 1513 dense

248 1530 684 1576 tomentoso-canum,
722 1528 844 1569 caule
882 1539 1028 1570 crasso
1068 1528 1177 1571 elato
1216 1528 1380 1571 sulcato
1424 1529 1661 1583 composite
1697 1529 1953 1582 corymboso

252 1585 534 1640 polycephalo
563 1585 640 1628 alis
673 1585 826 1628 lanatis
861 1586 1013 1630 lob-atis
1049 1587 1239 1640 spinosis
1272 1587 1530 1641 maiginato,
1560 1587 1674 1630 foliis
1707 1587 1953 1631 lanceolatis

249 1644 402 1686 lobatis
425 1644 617 1687 breviter
642 1645 846 1698 spinosis,
871 1645 1071 1700 capitulis
1089 1645 1153 1701 (in
1174 1646 1355 1700 genere)
1373 1646 1554 1689 minutis
1571 1647 1767 1689 breviter
1791 1646 1955 1700 pedun-

247 1704 404 1746 culatis
431 1703 672 1756 aggregatis
706 1703 859 1757 oratis,
887 1704 1100 1746 involucri
1137 1707 1337 1747 araneosi
1374 1705 1519 1759 pallidi
1556 1705 1716 1760 phyllis
1751 1706 1953 1748 omnibus

247 1763 404 1804 erectis
423 1765 603 1815 anguste
629 1762 876 1806 lanceolatis
899 1763 941 1805 in
967 1763 1116 1817 spinas
1142 1763 1366 1807 subulatas
1384 1764 1667 1807 tenuissimas
1691 1764 1953 1807 abeuntibus

245 1821 539 1863 exterioribus
564 1820 840 1864 brevioribus
860 1822 1021 1864 intimis
1046 1823 1388 1873 subinermibus,
1408 1822 1600 1866 flosculis
1619 1823 1760 1866 roseis
1775 1823 1953 1876 glabris,

247 1880 438 1921 acheniis
482 1879 678 1922 obovatis
714 1881 1064 1935 subcompressis
1102 1880 1295 1925 obsolete
1326 1882 1584 1937 pentagonis
1620 1885 1875 1925 transverse
1912 1885 1954 1925 et

245 1951 396 1991 grosse
425 1939 614 1992 rugosis
644 1951 786 1993 pappo
823 1940 1023 1993 plumoso
1054 1940 1182 1994 triplo
1211 1941 1405 1995 longiore
1440 1941 1508 1997 Q).
1542 1940 1733 1983 Cirsium
1767 1952 1954 1993 onopor-

244 1997 413 2039 dioides
441 1999 521 2052 Ky.
546 1998 647 2039 Mss.

295 2070 393 2106 Hab.
412 2071 452 2106 in
469 2071 628 2116 regione
642 2070 853 2118 subalpina
867 2071 990 2107 Tauri
1006 2072 1155 2108 Cilicici
1168 2073 1248 2119 (Ky
1260 2074 1296 2118 l),
1312 2073 1418 2109 valle
1436 2072 1616 2120 Bulghar
1633 2073 1800 2109 Maaden
1820 2072 1907 2119 (Bal
1916 2074 1953 2118 l),

242 2117 469 2163 Berytdagh
491 2117 689 2153 Cataoniae
710 2119 748 2153 in
774 2118 950 2154 Cedretis
968 2119 1115 2156 6-7000’
1134 2120 1363 2177 (Hausskl).

292 2182 483 2229 Capitulis
503 2183 725 2228 aggregatis
745 2194 841 2219 nuce
863 2184 1164 2221 subminoribus
1184 2185 1299 2221 affine
1322 2183 1456 2229 Cz'rsio,
1473 2185 1540 2220 sed
1559 2184 1803 2232 receptaculo
1821 2185 1951 2221 alveo-

240 2229 320 2265 lato
340 2235 376 2265 et
395 2229 571 2265 acheniis
590 2231 744 2276 rugosis
766 2241 855 2266 vera
875 2234 911 2266 et
932 2231 1076 2267 eximia
1096 2231 1299 2279 Onopordi
1314 2232 1473 2279 species.

910 2361 1079 2414 Species
1106 2361 1288 2404 incerta.

303 2484 352 2527 0.
381 2485 630 2528 coalescens
654 2484 781 2542 (Urv.
808 2486 962 2529 Enum.
985 2499 1027 2541 p.
1063 2487 1164 2541 105)
1191 2487 1314 2530 caule
1342 2488 1486 2529 erecto
1518 2484 1770 2528 abbreviato
1795 2484 1948 2528 folioso

242 2544 701 2598 monocepha10‚foliis
734 2545 997 2588 radicalibus
1032 2545 1314 2599 amplissimis
1346 2545 1467 2588 caule
1497 2544 1766 2600 longioribus
1798 2545 1949 2598 paten-

242 2602 359 2645 tibus
387 2615 521 2657 supra
549 2604 764 2648 viridibus
794 2604 951 2647 subtus
978 2604 1368 2648 cano-tomentosis
1395 2604 1449 2647 ad
1482 2606 1643 2646 costam
1677 2602 1944 2658 pinnatipar-

240 2661 332 2703 titis
358 2662 526 2704 laciniis
551 2662 863 2717 approximatis
888 2663 1317 2718 laciniato-spinosis,
1341 2662 1503 2718 phyllis
1530 2662 1745 2706 involucri
1773 2660 1948 2716 subgla-

239 2719 332 2762 bris
362 2722 485 2774 longe
512 2722 741 2765 subulatis.

241 2792 468 2876 NHah-din
493 2794 660 2830 collibus
687 2795 840 2831 saxosis
866 2795 1007 2831 insulae
1033 2794 1126 2831 Meli
1162 2796 1263 2831 circa
1289 2795 1574 2832 Monasterium
1604 2793 1759 2841 copiose
1793 2792 1944 2838 (Urvi).

279 2850 327 2875 on
350 2850 388 2875 vi
422 2851 446 2876 1.

285 2903 457 2941 Omnino
475 2905 593 2942 facies
618 2905 785 2953 Cynarae
808 2905 877 2942 sed
899 2907 1016 2953 pappi
1038 2905 1236 2953 simplices
1263 2909 1301 2942 et
1324 2906 1480 2943 decidui
1507 2905 1557 2942 ad
1583 2903 1820 2952 Onopordon
1846 2903 1943 2940 refe-

235 2954 341 2986 runt.
363 2952 494 2988 Flores
509 2954 694 3000 purpurei
714 2954 847 2999 magni
864 2953 941 2989 fere
960 2956 1000 2988 at
1018 2954 1057 2988 in
1075 2953 1114 2990 O,
1134 2953 1316 2990 Taurico.
1334 2953 1445 2990 Folia
1463 2952 1652 2989 radicalia
1669 2949 1780 2988 caule
1791 2950 1942 2987 circiter

238 2997 359 3044 duplo
379 2999 568 3045 longiora.
593 3000 726 3036 caulis
745 3000 898 3048 pedalis
918 3000 981 3036 vel
1000 3000 1168 3036 brevior.
