2066 3296
117 218 255 254 Picrzs.
845 227 1089 254 composnuss.
1750 229 1825 266 739

116 303 260 343 erecto
278 313 301 342 a
318 303 441 353 parte
457 299 653 342 inferiori
672 299 1074 342 flexuoso-infracto
1093 300 1333 344 dichotome
1351 317 1521 348 ramoso
1540 306 1634 349 laxe
1652 323 1819 365 corym-

115 360 234 409 boso,
259 358 371 400 foliis
396 358 604 401 brevibus
625 358 907 400 inferioribus
935 358 1388 411 oblongo-lanceolatis
1412 365 1820 416 paucidenticulatis

113 419 158 460 in
181 416 390 470 petiolum
431 417 610 460 brevem
637 417 883 465 attenuat-is,
921 418 1081 458 rameis
1121 424 1303 472 anguste
1340 422 1580 467 linearibus
1619 426 1815 483 Integris,

114 476 372 531 pedunculis
396 475 634 519 fructiferis
661 487 854 528 superne
880 476 1045 517 sensim
1072 476 1338 529 incrassatis,
1365 482 1564 534 capitulis
1591 486 1819 531 mediocri-

113 535 194 577 bus
230 534 466 576 fructiferis
501 534 554 576 ad
593 534 782 576 medium
817 535 1115 587 strangulatis,
1151 536 1334 590 calyculi
1373 541 1530 593 phyllis
1570 543 1810 589 linearibus

112 594 336 647 adpressis
361 593 579 636 involucri
614 593 789 634 demum
823 593 1027 635 carinatis
1060 594 1255 638 incurvis
1288 599 1490 641 omnibus
1518 602 1617 655 pilis
1651 605 1810 656 gloclii-

112 652 238 694 diatis
266 653 450 705 asperis,
476 651 665 694 acheniis
693 652 900 705 utrinque
925 653 1160 695 attenuatis
1183 667 1205 695 a
1231 655 1361 698 dorso
1382 662 1643 712 compressis
1670 667 1813 708 trans—

110 722 238 753 verse
279 711 453 764 rugosis
496 711 541 752 in
582 714 775 752 rostrum
822 714 952 752 tenue
1001 712 1292 766 aequilongum
1340 718 1500 758 sensim
1546 719 1811 766 abeuntibus

108 769 302 811 externis
341 769 623 812 subincurvis
667 770 842 811 tenuius
879 770 1065 823 rugosis,
1106 784 1247 825 pappo
1285 776 1479 817 oninium
1525 778 1726 830 plumoso
1764 783 1807 824 in

107 828 316 870 annulum
355 827 507 870 coalito
535 827 716 870 deciduo
748 833 811 879 Θ.
858 828 905 869 P.
930 828 1214 881 lonfflrostris
1243 844 1330 873 var.
1358 834 1566 888 Kotselzgsef
1588 837 1681 880 Seli.
1711 840 1804 894 Rip.

105 887 149 929 in
173 887 255 941 Ky.
283 887 338 941 pl.
366 887 521 940 Alepp.
550 898 640 928 exs.

152 959 251 995 Hah.
271 960 312 994 in
326 959 575 995 convallibus
594 970 716 1006 prope
739 959 937 1006 Aleppum
957 960 1080 1005 Syriae
1100 961 1192 1006 (ΚΥ.
1215 962 1284 998 238
1304 966 1371 1008 at).
1396 965 1451 999 Fl.
1470 966 1586 1003 Maio.

151 1024 212 1059 Ab
231 1024 339 1059 affini
356 1024 401 1059 P.
420 1022 645 1070 pauczflord
672 1024 809 1059 rostris
829 1024 1084 1060 acheniorum
1111 1025 1242 1072 longis
1262 1030 1416 1074 egregie
1435 1030 1627 1068 distincta.
1661 1034 1703 1069 P.
1725 1036 1806 1073 lon-

99 1071 281 1124 93'rostrz's
297 1071 382 1125 Sch.
406 1072 490 1118 Bip.
510 1073 567 1107 est
596 1072 744 1117 species
762 1071 998 1117 Abyssinica
1016 1073 1175 1127 diversa
1193 1076 1303 1121 quus
1324 1087 1465 1112 nomen
1484 1082 1637 1116 tanturn
1654 1082 1805 1129 absque

102 1118 282 1164 dmgnosx
300 1129 340 1154 111
366 1118 467 1154 Mus.
485 1118 703 1154 Senekenb.
727 1118 786 1154 III.
804 1119 851 1154 60
868 1118 1098 1165 evalgatum
1117 1121 1204 1156 fuit.

163 1255 227 1296 «13.
262 1253 321 1296 P.
353 1264 728 1308 cyanocarpa
762 1252 921 1307 (Boiss.
963 1254 1115 1308 Diagix.
1156 1256 1247 1299 Ser.
1278 1258 1309 1308 l,
1353 1260 1417 1307 11,
1453 1273 1492 1313 p.
1527 1262 1602 1312 371)
1643 1277 1800 1316 annua,

98 1314 197 1367 pilis
223 1312 433 1354 brevibus
467 1312 737 1366 glochidiatis
771 1312 907 1354 dense
945 1325 1194 1368 canescens,
1229 1318 1426 1360 caulibus
1461 1323 1799 1369 ascendent-ibus

98 1372 363 1414 abbreviatis
390 1371 662 1425 simplicibus
689 1372 757 1413 vel
782 1372 932 1414 stricte
955 1372 1178 1416 bifurratis
1207 1376 1458 1430 dic-ephalis,
1489 1378 1602 1421 foliis
1636 1383 1801 1427 radica-

96 1432 213 1474 lihus
254 1430 463 1473 brevibus
506 1430 962 1483 oblongo-lanceolatis
1001 1431 1384 1479 sinuato-dentatis
1426 1438 1494 1478 vel
1526 1437 1721 1483 breviter
1756 1448 1798 1487 et

96 1501 248 1543 grosse
282 1489 623 1542 pinnatilobatis,
662 1490 844 1531 caulinis
881 1491 952 1531 1-2
987 1490 1226 1535 linearibus
1264 1495 1328 1536 vel
1358 1495 1501 1544 nullis
1541 1498 1798 1549 pedunculis

95 1548 331 1591 fructiferis
360 1560 444 1590 non
468 1548 735 1598 incrassatis,
760 1548 948 1602 capitulo
970 1549 1189 1595 mediocri.
1213 1553 1393 1606 calyculi
1420 1555 1577 1608 phyllis
1601 1557 1798 1603 breviter

96 1607 336 1650 linearibus
368 1607 584 1649 involucri
615 1607 790 1649 demum
826 1607 1028 1650 carinatis
1053 1610 1255 1653 omnibus
1294 1617 1454 1665 praeter
1489 1615 1792 1662 indumentum

94 1679 353 1709 araneosum
379 1666 508 1708 dorso
538 1678 663 1719 parce
689 1670 731 1707 et
754 1667 880 1720 longe
906 1668 1126 1719 setulosis‚
1160 1670 1352 1713 aclieniis
1381 1671 1576 1726 oblongis
1610 1688 1792 1729 cyaneo-

93 1725 467 1778 glaucescentibus
492 1725 658 1768 striatis
691 1728 821 1780 atque
848 1730 1100 1768 transverse
1129 1729 1427 1783 multirugosis
1454 1731 1495 1772 in
1512 1737 1705 1777 rostrum
1729 1738 1791 1779 eis

93 1784 264 1837 longius
294 1784 563 1837 subabrupte
589 1784 867 1835 abeuntibus,
891 1797 1033 1839 pappo
1062 1789 1254 1830 onmium
1284 1790 1482 1842 plumoso
1508 1791 1551 1833 in
1579 1795 1789 1836 annulum

92 1843 243 1885 coalito
261 1843 443 1885 deciduo
473 1847 538 1893 Ε).

138 1916 240 1952 Hab.
258 1916 298 1951 in
316 1916 421 1951 valle
439 1916 641 1952 Mokatteb
660 1916 816 1952 Arabiae
836 1917 983 1953 Petreae
1003 1917 1177 1962 (Bois-sl).
1199 1920 1285 1955 Huc
1300 1931 1457 1967 quoque
1473 1924 1669 1968 specimen
1688 1926 1785 1961 ssori—

88 1964 213 1999 ferum
225 1963 367 2008 (Auch.
387 1964 518 2008 3411!)
537 1963 687 2009 absque
706 1963 805 2009 loco,
823 1975 842 1999 e
859 1964 994 2000 Persia
1013 1966 1201 2001 australi?
1221 1971 1392 2012 spectare
1411 1969 1573 2005 videtur.

135 2028 269 2064 Facies
291 2028 336 2063 P.
352 2028 557 2070 radz'catoe,
576 2028 750 2063 acheniis
769 2028 886 2074 longe
905 2029 1081 2064 rostratis
1100 2031 1280 2076 insignis,
1302 2043 1322 2066 a
1343 2032 1386 2066 F.
1403 2032 1592 2077 Ix'otselzzsz'
1607 2035 1678 2071 hoc
1697 2037 1787 2072 cha-

88 2078 234 2111 ractere
253 2075 398 2110 donata
415 2075 596 2110 caulibus
612 2076 915 2121 scapiformibus
937 2076 1271 2123 subsiinplicibus,
1290 2080 1523 2124 pedunculis
1544 2074 1619 2117 non
1641 2084 1791 2120 incras-

90 2122 386 2168 satis‚acheniis
404 2123 563 2168 cyaneis
582 2123 698 2168 longe
717 2122 933 2158 discedens.

151 2260 215 2300 14.
250 2259 307 2301 P.
336 2258 665 2313 sulphurea
697 2257 812 2312 (Del.
846 2258 907 2300 Fl.
945 2260 1018 2311 Eg.
1053 2273 1091 2313 p.
1124 2261 1218 2306 lili,
1253 2261 1334 2302 tab.
1368 2263 1438 2311 sit),
1478 2263 1543 2315 lig.
1573 2265 1614 2314 ⁰2)
1638 2273 1784 2308 annua

87 2317 187 2370 pilis
226 2318 345 2371 apice
379 2317 647 2370 glocbidiatis
690 2328 871 2370 aspera,
910 2318 1105 2360 caulibus
1147 2320 1302 2361 erectis
1343 2322 1408 2361 vel
1447 2322 1781 2367 ascendentibus

86 2388 276 2429 superne
295 2375 430 2418 semel
452 2376 519 2418 vel
543 2376 609 2418 bis
630 2376 820 2427 t'urcatis,
837 2376 950 2418 foliis
973 2377 1427 2430 oblongo·lancesdatis
1449 2393 1572 2432 parce
1591 2381 1782 2425 sinuato·

87 2435 363 2477 denticulatis
391 2434 458 2475 vel
484 2435 755 2489 pinnatifidis
776 2434 1038 2477 radicalibus
1075 2437 1163 2477 basi
1188 2438 1436 2480 attenuatis.
1463 2440 1646 2481 caulinis
1673 2454 1777 2493 pau-

85 2494 145 2536 cis
178 2493 407 2536 sessilibus
436 2493 866 2535 lineari-lanceolatis
901 2494 1097 2546 integris.
1136 2495 1391 2547 pedunculis
1430 2498 1664 2539 fructiferis
1694 2512 1779 2541 non

88 2553 350 2600 incrassatis,
392 2552 593 2605 capitulis
622 2551 927 2601 mediocribus,
967 2554 1146 2605 calyculi
1179 2554 1336 2606 phyllis
1376 2556 1563 2596 minimis
1603 2556 1776 2599 lineari-

85 2611 332 2653 lanceolatis
357 2610 524 2653 ciliatis.
547 2611 758 2652 involucri
795 2611 1013 2652 fructiferi·
1041 2616 1199 2664 prseter
1225 2613 1330 2664 pilos
1357 2614 1578 2655 breviores
1602 2615 1777 2668 adpres-

84 2681 154 2711 sos
180 2670 324 2711 carina
343 2669 547 2711 setulosis
571 2670 873 2720 subcarinatis,
892 2670 1081 2710 aclieuiis
1105 2672 1267 2713 striatis
1292 2676 1330 2712 et
1358 2677 1609 2714 transverse
1638 2676 1778 2716 tenui-

83 2731 149 2769 ter
190 2729 484 2781 squainulosis
527 2728 775 2781 cylindricis
818 2728 938 2781 apice
987 2729 1027 2769 in
1074 2734 1263 2771 rostrum
1309 2731 1484 2772 aelienio
1530 2733 1777 2786 quadruplo

84 2786 259 2829 brevius
276 2788 438 2828 sensim
462 2787 696 2829 attenuatis
719 2787 1095 2841 peripluerialilius
1119 2788 1398 2830 subincurvis
1416 2790 1614 2831 omnibu<
1637 2804 1775 2844 pappo

85 2845 280 2897 plumoso
299 2846 361 2887 eis
378 2845 620 2898 aequilongo
645 2846 895 2899 persistenti
916 2849 1131 2898 superatis
1160 2852 1222 2896 (D.
1251 2846 1392 2887 PIrre's
1415 2847 1600 2889 Nilole'ea
1623 2849 1776 2891 Sieber

82 2914 167 2945 exs.
193 2928 246 2932 —
268 2903 459 2945 Deelsera
483 2903 670 2944 Nilotica
698 2904 792 2945 Seli.
823 2904 914 2958 Bip.
941 2904 1063 2945 Flora
1095 2907 1213 2946 isa-t.
1244 2919 1279 2957 p.
1310 2907 1417 2946 479!

129 2985 230 3020 Hab.
249 2986 287 3020 in
307 2986 481 3020 arenosis
508 2989 544 3020 et
569 2986 617 3020 ad
641 2985 720 3020 Nili
749 2986 853 3032 ripas
882 2987 921 3020 in
949 2986 1119 3032 AEgypto
1151 2987 1196 3021 ad
1232 2986 1417 3021 lx'uliirani
1444 2987 1557 3032 (Del,
1576 2989 1711 3034 Siebls,
1734 2990 1774 3024 in
