2126 3246
175 213 347 252 Galium.
915 220 1140 246 RUBIACEAE.
1830 214 1876 249 51

171 305 281 342 prov.
312 293 451 329 Musch
477 293 542 328 alt.
569 291 798 327 5000’-6500’
820 290 913 336 (Ky.
937 301 1017 344 exs.
1041 290 1128 326 336!
1157 289 1245 343 595!
1282 292 1320 343 et
1345 290 1462 334 5070,
1493 291 1679 341 {irmenia
1712 291 1876 345 RossicA

173 340 490 433 ἴὲἅῖεὲζίειὲἰῧίᾙ
501 340 618 384 (Szov
630 340 668 383 l),
682 339 783 374 inter
796 337 1010 373 Diarhekir
1023 339 1060 372 et
1075 337 1230 372 Mar-din
1245 339 1283 372 et
1297 348 1335 371 in
1352 340 1597 373 monteffiara
1611 338 1876 376 Kurdistnniae

218 451 360 488 Pedale
377 450 442 486 vel
460 449 746 496 sesquipedale,
763 448 858 483 folia
873 447 1062 483 10-12110.
1079 447 1199 492 longa
1215 446 1361 482 lineam
1378 446 1469 491 lata,
1482 448 1630 483 fructus
1649 450 1873 495 maJusculi.

235 566 302 606 10.
337 564 395 607 G.
430 561 822 617 leiophyllum
859 561 1018 616 (Boiss.
1045 560 1196 614 Diagn.
1228 560 1319 602 Ser.
1356 561 1394 613 1,
1434 562 1473 615 3,
1510 576 1549 616 p.
1581 560 1655 616 36)
1688 562 1878 605 siccitate

173 623 404 677 nigricans,
430 621 623 664 caulibus
647 634 671 663 a
695 620 784 663 basi
807 619 1085 663 suffruticosa
1109 621 1279 661 ramosa
1302 622 1548 663 numerosis
1575 621 1731 663 erectis
1749 621 1875 664 elatis

174 683 257 725 late
291 685 333 723 et
369 682 524 724 obtuse
563 679 876 734 quadrangulis
921 678 966 721 in
1006 678 1250 732 paniculam
1300 679 1400 733 plus
1450 680 1592 723 minus
1634 679 1877 732 elongatam

174 741 459 793 abeuntibus,
500 739 612 781 foliis
655 738 772 781 senis
813 737 1060 780 lanceolatis
1101 738 1167 778 vel
1202 737 1699 781 lanceolam-linearibus
1737 739 1876 781 acutis

173 799 368 852 laevibus,
399 798 621 853 pedicellis
652 798 759 839 flore
791 795 1182 848 subbrevioribus,
1218 797 1390 838 corollae
1428 797 1679 851 majusculae
1706 808 1874 839 carneae

171 858 240 900 vel
263 869 399 900 roseae
421 858 528 900 lobis
553 856 799 899 lanceolatis
821 855 1016 897 breviter
1041 855 1321 906 mucronatis,
1337 857 1531 898 anthei-is
1550 856 1738 910 pallidis,
1762 857 1877 910 stylo

171 917 391 971 bipartito,
421 917 564 959 fructu
589 915 736 969 glabro
773 921 832 963 26.
868 913 915 955 G.
939 912 1265 964 mcyalantlmmn
1291 914 1428 958 Boiss.
1454 915 1605 968 Diagn.
1643 914 1736 956 Ser.
1768 915 1798 967 I,
1833 916 1874 968 6,

171 989 210 1030 p.
236 977 303 1018 67.
332 999 387 1007 --
416 975 464 1017 G.
495 973 826 1027 Kotschyamtm
850 972 987 1015 Boiss.
1011 973 1056 1014 in
1081 972 1160 1026 Ky.
1186 973 1243 1027 pl.
1272 985 1362 1015 exs.

219 1057 320 1092 Hah.
348 1058 388 1092 in
412 1057 654 1103 rupestrihus
683 1054 855 1100 regionis
888 1053 1041 1101 alpinaer
1068 1054 1266 1088 Armeniae
1295 1055 1480 1090 australis
1514 1066 1623 1102 prov.
1655 1055 1795 1090 Musch
1827 1056 1878 1091 ad

172 1104 282 1150 Teng
309 1107 346 1139 et
362 1105 499 1149 Merga
518 1103 626 1139 Sauk
642 1100 870 1137 6000‘-7000‘
889 1100 983 1146 (Ky.
1003 1101 1090 1136 402!
1117 1103 1154 1136 et
1170 1101 1288 1146 4521),
1316 1106 1448 1138 monte
1480 1103 1585 1137 Gara
1611 1102 1878 1138 Kurdistaniae

171 1151 262 1197 (Ky.
279 1152 401 1197 5592),
419 1154 553 1187 monte
570 1151 636 1186 Pir
652 1149 771 1185 Omar
788 1147 954 1185 Gudrun
974 1147 1240 1183 Kurdistaniae
1261 1148 1426 1185 Persicae
1447 1152 1484 1185 et
1500 1152 1579 1185 toto
1599 1151 1724 1186 tractu
1742 1150 1877 1195 alpino

170 1197 262 1234 Kuh
296 1198 495 1244 Kilouyeh
528 1198 672 1234 Persiae
707 1195 892 1231 australis
926 1194 1179 1231 wod-1100&
1215 1195 1445 1241 (Hausskl),
1481 1199 1613 1232 monte
1648 1196 1739 1232 Kuh
1772 1196 1878 1232 Delu

170 1244 260 1327 (53⁷.
281 1246 387 1328 47ΞΙ)
418 1248 457 1281 et
486 1245 639 1281 Elvend
657 1243 799 1288 (Auch.
819 1242 890 1278 745
902 1243 940 1287 Ι),
972 1244 1106 1278 monte
1138 1242 1282 1278 Elbrus
1308 1243 1453 1279 Persiae
1484 1244 1564 1280 bor.
1601 1245 1643 1279 in
1672 1244 1877 1280 schistosis

170 1293 186 1336 (
226 1303 264 1338 y.
285 1293 329 1328 11
367 1294 404 1338 ἱ).

229 1368 273 1422 β.
306 1367 641 1421 stenoplzylcum.
668 1392 722 1396 —
746 1366 919 1409 Humile
952 1365 1228 1420 semipedale,
1254 1366 1353 1409 folia
1389 1370 1571 1420 anguste
1598 1367 1791 1409 linearia.
1820 1390 1878 1398 —

173 1426 220 1470 G.
249 1426 564 1481 wylorrlcizum
584 1426 721 1469 Boiss.
746 1428 789 1467 et
810 1425 924 1467 Huet
946 1425 1097 1478 Diagn.
1122 1424 1218 1467 Ser.
1243 1425 1298 1476 ΙΙ,
1324 1427 1362 1480 02,
1389 1439 1428 1480 p.
1464 1427 1557 1467 113.

219 1500 318 1536 Hah.
333 1500 374 1535 in
388 1502 521 1535 monte
535 1498 749 1544 Techdagh
764 1498 963 1533 Armeniae
981 1497 1153 1533 Turcicae
1169 1498 1336 1544 (Huetl),
1354 1500 1394 1534 in
1417 1499 1618 1535 montibus
1645 1499 1877 1535 Nachitche-

173 1557 265 1583 wan
283 1547 481 1583 Armeniae
498 1546 671 1583 Rossicae
688 1545 840 1591 (Buhse
857 1547 897 1588 ἰ),
919 1545 961 1581 in
978 1544 1114 1581 Persia
1132 1545 1283 1580 boreali
1311 1557 1432 1593 supra
1451 1546 1593 1581 Tahris
1614 1546 1748 1592 (Egel)
1772 1549 1810 1582 et
1834 1547 1876 1582 in

173 1596 304 1630 monte
322 1594 467 1630 Elhrus
488 1604 609 1641 prope
627 1592 820 1639 Passgala
838 1592 931 1638 (Ky.
952 1591 1045 1635 861).

235 1689 276 1726 y.
303 1667 643 1710 subvelutz'num.
663 1690 716 1698 -
738 1667 895 1709 Totum
921 1670 1082 1721 praeter
1106 1666 1275 1708 fructus
1303 1670 1345 1708 et
1370 1667 1573 1709 corollam
1596 1667 1696 1721 pilis
1715 1668 1879 1721 patulis

176 1727 369 1771 breviter
390 1727 648 1771 velutinum.
675 1751 734 1756 —
755 1726 910 1778 Asper.
931 1724 1218 1767 subvelutina
1240 1738 1321 1768 nc.
1350 1726 1505 1768 Prodr.
1532 1726 1601 1779 IV,
1629 1740 1669 1781 p.
1695 1727 1792 1768 505.

222 1800 324 1837 Hah.
343 1801 383 1836 in
401 1802 535 1836 monte
555 1799 709 1835 Elvend
727 1798 871 1835 Persiae
890 1797 1071 1843 (Olivierl
1091 1799 1213 1834 Auch.
1232 1799 1346 1842 7471).

221 1864 362 1900 Planta
378 1865 419 1899 in
440 1866 536 1911 typo
556 1863 664 1908 1-1¹s2
684 1862 836 1909 pedalis
862 1862 966 1898 toliis
983 1862 1071 1897 6-12
1088 1862 1213 1897 lineas
1233 1862 1362 1908 longis
1388 1862 1412 1897 2
1436 1862 1525 1897 latis
1546 1863 1734 1899 transitus
1752 1864 1879 1898 mani·

174 1911 293 1948 festos
311 1911 458 1958 praehet
471 1911 511 1946 in
525 1922 606 1946 var.
621 1909 910 1957 stenophyllam
924 1910 1034 1956 cujus
1049 1909 1145 1944 folia
1162 1909 1229 1944 lin.
1247 1910 1328 1953 ⁸sl-‘l
1341 1910 1429 1945 lata
1443 1909 1667 1956 Specirnina
1685 1910 1879 1946 nonnulla

175 1968 289 2006 parce
315 1958 508 2005 puherula
530 1959 580 1993 ad
606 1969 688 1994 var.
707 1970 728 2003 γ
749 1958 962 1993 transeunt.
991 1956 1148 2003 Species
1172 1957 1300 1992 affinis
1321 1956 1366 1993 G.
1384 1957 1474 1992 miti
1490 1958 1540 1992 ab
1559 1968 1603 1993 eo
1622 1958 1879 2003 distinguitur

175 2005 354 2041 caulibus
373 2015 452 2040 non
470 2005 624 2050 strictis,
641 2005 746 2040 foliis
765 2004 1012 2040 tenuioribus
1028 2014 1107 2040 non
1129 2004 1278 2049 rigidis,
1305 2004 1489 2050 panicula.
1511 2005 1704 2050 elongata,
1729 2005 1879 2040 corolla

175 2055 288 2089 rosea
306 2053 373 2088 vix
392 2062 463 2088 nec
476 2052 594 2098 longe
613 2051 827 2098 cuspidata.

237 2165 303 2207 11.
338 2164 398 2208 G.
424 2162 936 2218 Schlumberqeri‚
971 2163 1161 2206 siccitate
1195 2163 1414 2216 nigricans
1442 2166 1580 2206 totum
1616 2164 1879 2208 brevissime

175 2224 433 2277 velutinum,
460 2224 656 2266 caulibus
680 2236 702 2264 a
725 2221 820 2265 basi
844 2221 1050 2265 indurata
1075 2223 1231 2265 erectis
1268 2222 1337 2264 vel
1360 2222 1697 2266 ascendentibus
1722 2223 1880 2266 obtuse

176 2282 486 2338 quadrangulis
507 2282 553 2324 in
575 2281 820 2336 paniculam
842 2281 1036 2324 strictam
1059 2280 1300 2334 elongatam
1326 2281 1602 2335 abeuntibus,
1620 2282 1732 2325 soliis
1760 2283 1878 2325 senis

175 2340 370 2383 breviter
390 2339 890 2384 lanceolam-linearibus
908 2340 1188 2393 mucronatis,
1206 2341 1430 2395 pedicellis
1449 2340 1557 2383 flore
1581 2341 1880 2383 subbreviori-

175 2399 272 2452 bus,
304 2399 477 2442 corollae
501 2399 750 2454 majusculae
777 2398 885 2441 albae
917 2402 1045 2442 extus
1076 2399 1271 2441 breviter
1306 2400 1511 2442 velutinae
1544 2398 1653 2441 lobis
1687 2400 1881 2452 triangu-

176 2458 343 2501 laribus
380 2459 500 2513 apice
534 2458 841 2501 obtusiosculis
877 2458 1101 2511 recurvis,
1142 2458 1341 2501 antheris
1378 2458 1532 2509 luteis,
1572 2459 1721 2501 ovari0
1759 2459 1880 2501 velu-

175 2517 265 2559 tino
300 2523 359 2565 26.

223 2589 324 2626 Hah.
341 2590 382 2625 in
399 2592 531 2626 monte
550 2590 747 2626 Hermone
765 2589 987 2626 Antilibani
1008 2589 1328 2636 (Schlumberger
1344 2591 1381 2634 1).

224 2653 380 2697 Pedana,
406 2654 525 2689 facies
550 2653 643 2689 folia
667 2654 704 2689 et
733 2653 849 2689 ssores
878 2653 1089 2699 majusculi
1117 2652 1161 2689 G.
1181 2652 1377 2734 lezosshyllz'
1405 2653 1473 2688 sed
1512 2653 1605 2688 folia
1638 2658 1880 2698 mucronata,

178 2701 357 2736 ovarium
382 2703 420 2736 et
442 2700 588 2736 corolla
607 2700 796 2745 velutina,
826 2700 945 2746 hujus
971 2700 1054 2736 lobi
1074 2700 1220 2735 inutici.
1283 2711 1308 2734 x
1335 2700 1450 2735 unico
1479 2700 1691 2746 specimine
1710 2700 1880 2736 florifero

178 2750 314 2783 notum
334 2749 372 2783 et
389 2747 553 2783 ulterius
567 2747 902 2793 investigandum.

239 2860 304 2901 1⁶2.
340 2858 401 2901 G.
427 2859 829 2913 Hyrcanicum
871 2857 989 2914 (C.A.
1023 2859 1131 2912 Mey.
1176 2859 1330 2901 Enum.
1361 2872 1399 2912 p.
1427 2858 1503 2912 53)
1527 2858 1717 2901 siccitate
1747 2860 1882 2912 nigri-

179 2928 294 2971 cans,
321 2918 520 2971 glabrum
547 2919 611 2960 vel
637 2917 785 2973 patule
810 2917 1091 2972 puberulum,
1117 2917 1311 2960 caulibus
1339 2917 1514 2971 pumilis
1542 2917 1879 2960 ascendentibus

178 2976 478 3030 prominentcr
501 2977 754 3030 tetragonis,
777 2977 890 3019 foliis
919 2977 1038 3019 senis
1062 2976 1256 3018 breviter
1282 2975 1522 3018 linearibus
1550 2977 1686 3018 acutis
1711 2989 1881 3018 mucro-
