2090 3291
253 216 326 252 548
984 219 1231 245 composrrAE.
1766 206 1952 245 Cirsz'um.

255 295 382 330 forma
392 293 418 336 Y,
440 291 569 327 difl'e1t
585 289 690 325 foliis
708 289 883 334 integris,
902 291 984 324 tota
1010 288 1145 335 planta
1164 288 1313 324 minute
1331 287 1537 334 spinulosa
1555 297 1625 335 nec
1645 287 1762 333 longe
1786 287 1957 334 spinosa,

251 341 326 377 alis
345 337 639 385 angustissimis
659 346 738 372 non
756 335 953 371 continuis
965 348 973 381 ;
985 335 1102 371 facies
1123 334 1276 371 Carduz'
1288 335 1501 382 avyentatz'.

315 469 383 511 63.
421 467 474 510 C.
506 457 770 509 Siculum
805 463 1008 518 (Spreng.
1044 464 1138 507 Neu
1174 465 1301 507 Entd.
1338 479 1378 519 p.
1413 465 1485 517 36)
1516 465 1638 508 caule
1671 464 1809 517 rigido
1845 466 1957 507 alato

254 538 449 580 superne
489 525 637 567 stricte
677 535 874 576 ramOSO‚
918 524 1032 566 foliis
1071 536 1206 578 supra
1248 524 1491 577 saepissime
1532 523 1956 566 tuberculato-hirtis

255 586 413 629 subtus
446 585 546 638 plus
586 583 730 625 minus
769 582 1335 625 araneoso-canescentibus
1374 582 1418 624 in
1456 582 1631 624 lacinias
1664 581 1956 635 triangulares

254 645 418 688 lobatas
460 644 584 696 longe
623 642 825 695 spinosas
865 641 1343 695 sinuato-plnnatifidis,
1377 642 1513 684 caulis
1545 644 1587 682 et
1620 652 1842 683 ramorum
1878 641 1957 684 alis

252 703 451 755 angustis
488 702 642 744 lobatis
680 701 804 753 longe
835 701 1040 753 spinosis,
1069 700 1269 753 capitulis
1301 699 1447 753 parvis
1475 699 1614 742 ovatis
1650 699 1956 753 pedunculatis

253 762 459 804 solitariis
503 760 569 802 vel
611 759 926 814 approximatis
965 759 1280 809 terminalibus,
1316 759 1531 801 involucri
1560 757 1723 812 phyllis
1762 759 1957 812 margine

251 821 476 863 araneosis
499 818 781 861 inferioribus
806 822 848 860 et
872 818 1143 860 intermediis
1169 818 1308 860 ovalis
1338 820 1382 859 et
1406 817 1602 870 oblongis
1630 815 1799 859 obtusis
1830 817 1956 871 spina

254 880 316 922 eis
341 879 583 933 aequilonga
614 878 682 919 vel
718 877 920 919 breviore
953 879 1096 920 erecta
1131 876 1198 919 vel
1232 877 1492 930 subpatente
1524 875 1743 930 superatis
1770 875 1956 918 internis

255 939 440 991 abrupte
472 938 518 979 in
556 935 839 990 appendicem
876 936 1110 978 scariosam
1147 946 1416 990 purpuream
1452 934 1766 987 triangularem
1796 934 1957 977 abeun-

253 997 385 1041 tibus.
404 996 574 1038 corollae
589 994 692 1037 tubo
716 998 758 1036 et
777 995 907 1038 limbo
925 994 1280 1049 subaequilongis‚
1298 994 1532 1036 filamentis
1549 992 1712 1046 glabris
1731 993 1800 1036 vel
1830 1005 1956 1047 parce

252 1055 429 1098 hirtulis
472 1059 536 1105 Θ.
574 1053 733 1096 Cnicus
766 1052 983 1106 palustris
1018 1054 1159 1096 Sinith
1194 1053 1348 1096 Prodr.
1384 1065 1472 1095 non
1504 1051 1650 1096 Willd.
1699 1076 1754 1081 -—
1798 1051 1956 1099 Caicus

248 1125 452 1166 pangens
489 1112 558 1155 W.
593 1112 665 1166 Sp.
698 1126 738 1167 p.
783 1113 892 1155 1663
921 1117 964 1155 et
998 1113 1129 1155 herb!
1163 1112 1321 1165 (forma
1358 1112 1608 1168 phyllornm
1641 1110 1780 1164 spinis
1810 1111 1956 1166 phyllo

253 1173 510 1226 aequilongis
544 1175 586 1214 et
621 1170 1038 1226 patenti-incurvis).
1078 1197 1130 1202 —-
1169 1170 1372 1214 Carduus
1407 1170 1602 1213 Creticus
1633 1169 1750 1212 Lam.
1781 1170 1956 1225 Encycl.

255 1244 295 1285 p.
324 1231 426 1274 701!
451 1243 505 1273 ex
531 1231 769 1286 specimine
794 1230 917 1273 berb.
939 1231 1058 1274 Juss.

303 1305 403 1341 Hab.
419 1305 460 1340 in
481 1304 655 1340 humidis
676 1302 788 1340 secus
809 1304 961 1339 rivulos
982 1303 1246 1351 Peloponnesi
1263 1303 1450 1348 (nemu),
1469 1304 1606 1339 Atticae
1625 1302 1813 1347 (Heldrl),
1833 1301 1958 1338 Mace-

254 1352 381 1388 doniae
402 1353 442 1387 in
459 1352 613 1387 Athone
631 1351 742 1396 (Friv
755 1354 794 1395 l),
812 1350 1011 1397 Bithyniae
1032 1351 1082 1387 ad
1101 1351 1317 1387 Broussam
1333 1350 1512 1395 (Boissl),
1530 1349 1653 1395 Syriae
1670 1349 1751 1385 bor.
1771 1352 1808 1384 et
1821 1348 1959 1384 Catao-

252 1399 329 1434 niae
351 1398 583 1443 (Hausskl),
612 1398 809 1433 Armeniae
838 1398 913 1442 [W.
939 1398 1084 1444 herbl),
1112 1398 1252 1434 Libani
1278 1408 1399 1445 supra
1424 1397 1577 1433 Daunia
1603 1396 1683 1442 (Bl.
1712 1407 1794 1432 exs.
1816 1395 1959 1441 34291),

252 1444 397 1482 Persiae
415 1446 457 1481 in
474 1446 622 1481 ditione
649 1444 878 1481 Khorassan
896 1445 996 1491 (Bge
1009 1447 1046 1490 l).

311 1519 356 1573 β.
390 1518 631 1573 Hippolyti.
677 1542 734 1548 -
775 1517 990 1562 lnvolucri
1032 1519 1176 1573 phylla
1222 1519 1398 1574 spinula
1437 1519 1701 1562 brevissima
1743 1531 1860 1574 saepe
1903 1519 1957 1562 ad

252 1590 506 1621 mucronem
523 1578 700 1621 reducta
718 1578 961 1621 terminata.
985 1603 1038 1608 —
1056 1576 1098 1624 C.
1128 1577 1353 1632 Hippolyti
1380 1578 1440 1620 Fl.
1461 1578 1608 1633 Pelop.
1634 1590 1673 1633 p.
1693 1580 1762 1632 56,
1782 1579 1868 1622 tab.
1888 1579 1956 1621 31.

255 1661 314 1668 —
337 1636 378 1681 C.
402 1635 669 1691 polyanthos
694 1635 801 1679 Urv.
819 1637 973 1680 Enum.
999 1651 1041 1692 p.
1077 1638 1154 1679 107
1175 1637 1183 1678 l

302 1709 407 1748 Hah.
421 1713 527 1748 circa
547 1712 723 1747 Athenas
742 1711 879 1759 (Orph.
897 1711 952 1747 Fl.
976 1712 1045 1748 Gr.
1066 1722 1146 1747 exs.
1164 1711 1283 1757 7901),
1298 1711 1483 1758 Argolide
1498 1712 1548 1748 ad
1567 1712 1751 1760 paludem
1769 1711 1961 1748 Lerneam

254 1759 407 1805 (Urvi),
425 1759 557 1795 insula
574 1759 763 1794 Zacintho
781 1758 958 1806 (Margi).

312 1846 351 1885 y.
380 1824 693 1878 lonyispinum.
717 1849 769 1854 —
784 1824 930 1879 Spinae
953 1826 1155 1869 foliorum
1174 1830 1217 1869 et
1235 1826 1480 1882 praesertim
1498 1826 1666 1870 alarum
1683 1826 1960 1870 creberrimae

253 1886 479 1938 elongata».

302 1955 407 1994 Hah.
423 1958 463 1993 in
478 1969 603 2004 aquas
619 1959 791 2004 regionis
803 1962 1002 1994 montanae
1016 1961 1053 1994 et
1068 1959 1303 2006 subalpinae,
1318 1958 1524 2005 Taygetus
1554 1958 1725 2004 Helm-1),
1741 1959 1960 1995 Parnassus

253 2007 302 2042 ad
321 2007 486 2041 Gourna.
501 2005 643 2050 (Heldr
655 2007 692 2051 l),
710 2005 890 2052 Smyrnae
913 2006 952 2041 in
968 2006 1169 2042 montibus
1184 2017 1305 2054 supra
1324 2005 1503 2053 Kadjilar
1520 2007 1536 2052 (
1573 2008 1699 2049 oissl).

299 2070 456 2117 Species
482 2070 607 2117 spinis
635 2070 820 2106 foliorum
844 2074 882 2106 et
908 2069 1061 2106 alarum
1089 2070 1350 2107 validioribus
1383 2073 1501 2117 atque
1532 2069 1783 2115 longioribus
1810 2072 1847 2106 et
1873 2068 1959 2106 fila-

255 2118 396 2153 mentis
415 2117 672 2153 antherarum
690 2117 840 2164 glabris
860 2117 924 2153 vel
943 2128 1056 2159 parce
1077 2120 1115 2153 et
1135 2118 1306 2154 breviter
1328 2118 1440 2153 hirtis
1460 2128 1483 2153 a
1503 2115 1541 2154 C.
1568 2117 1742 2163 palustri
1766 2116 1958 2155 distincta.

255 2165 291 2202 C.
343 2164 642 2212 olyantlzemum
668 2174 740 2200 oc.
770 2164 902 2200 Prodr.
929 2164 989 2205 VI.
1018 2175 1052 2211 p.
1080 2165 1160 2200 641.
1190 2165 1393 2201 Corsicum
1415 2168 1452 2201 et
1475 2164 1653 2200 Italicum
1680 2175 1698 2200 s
1728 2164 1855 2201 ecifice
1880 2173 1958 2200 non

254 2213 293 2248 di
327 2216 384 2247 ert
402 2212 471 2247 sed
495 2222 546 2247 ex
575 2211 619 2247 cl.
653 2211 853 2247 Bertoloni
878 2211 1154 2248 observatione
1176 2211 1355 2249 Carduus
1382 2211 1686 2260 polyantkemus
1745 2239 1753 2247 .
1781 2211 1905 2247 Mant.
1932 2209 1960 2256 1,

255 2270 290 2306 p.
310 2258 380 2295 109
398 2262 458 2294 est
474 2258 609 2305 planta
628 2258 733 2295 culta
753 2259 887 2295 dubia.

303 2323 362 2358 Ar.
386 2322 516 2367 Geoqr.
536 2321 704 2365 Corsica,
723 2321 849 2365 Italia,
864 2321 1008 2367 Sicilia,
1029 2322 1202 2359 Banatus
1222 2322 1273 2359 ad
1289 2323 1375 2359 Neu
1393 2321 1748 2369 Orsowalssoissl),
1760 2320 1957 2358 Dalmatia

255 2369 302 2405 ad
323 2369 469 2405 Salona
487 2368 704 2413 (Pichler!),
724 2369 861 2405 Serbia
878 2370 998 2414 (Pane
1011 2371 1048 2415 l).
1720 2376 1722 2378 ’

315 2502 384 2542 64.
420 2502 474 2545 C.
500 2502 915 2546 Libanoticum
943 2508 1046 2557 (nc.
1076 2503 1228 2546 Prodr.
1255 2502 1328 2556 VI,
1356 2516 1397 2558 p.
1428 2503 1550 2558 647),
1576 2503 1697 2546 caule
1723 2501 1833 2544 elato
1856 2500 1959 2544 sim-

256 2560 355 2614 plici
381 2561 451 2603 vel
477 2569 645 2604 ramoso
672 2562 752 2604 alis
780 2562 933 2604 lobatis
959 2566 1142 2615 anguste
1179 2563 1302 2616 longe
1337 2566 1379 2606 et
1406 2562 1559 2605 crebre
1585 2559 1958 2614 fluvido-spinosis

254 2619 409 2673 obsito,
430 2620 543 2663 foliis
567 2620 611 2662 in
635 2620 810 2664 lacinias
834 2620 991 2663 breves
1010 2625 1159 2664 ovatas
1185 2622 1348 2664 lobatas
1372 2622 1497 2675 longe
1519 2625 1561 2664 et
1583 2619 1737 2663 crebre
1757 2618 1957 2674 spinosas

255 2679 539 2731 pinnatilidis‚
565 2680 766 2733 capitulis
796 2680 1087 2722 mediocribus
1116 2681 1257 2723 ovalis
1286 2681 1482 2724 breviter
1509 2679 1810 2734 pedunculatis
1840 2689 1957 2732 saepe

256 2737 578 2780 subracemosis
596 2739 816 2790 consertis,
833 2739 1047 2782 involucri
1064 2739 1347 2793 glabriusculi
1367 2739 1566 2783 visciduli
1585 2738 1745 2792 phyllis
1762 2736 1957 2789 oblongis

256 2795 480 2849 adpressis
505 2797 548 2838 in
576 2798 725 2851 spinas
756 2799 1071 2841 crassiusculas
1100 2800 1258 2841 breves
1290 2798 1569 2849 abeuntibus,
1598 2796 1762 2840 intimis
1790 2796 1958 2838 lanceo-

257 2855 353 2896 lalis
388 2855 430 2897 in
473 2857 696 2910 cuspidem
739 2861 1130 2910 purpurascentem
1169 2858 1361 2911 patulam
1398 2858 1566 2910 longam
1605 2855 1839 2898 attenuatis
1881 2852 1952 2908 (D-

255 2914 296 3012 ξ.
316 2913 588 3013 (ιρὶσηίαίιιηι
609 2928 688 2958 nc.
709 2915 863 2958 Prodr.
888 2915 962 2968 Vl,
989 2929 1027 2970 p.
1047 2917 1146 2958 642.
1162 2940 1212 2946 —-
1234 2915 1275 2959 C.
1299 2915 1626 2970 Koisclzyannm
1645 2913 1781 2958 Boiss.
1803 2911 1956 2966 Diagn.

274 2973 350 3013 ‘eun
402 3006 410 3025 ‚
440 2974 480 3025 6,
507 2986 545 3028 p.
576 2975 671 3016 103.
