2066 3311
69 211 314 248 Hz’eraczum.
796 208 1040 243 COMPOSITAE.
1703 206 1772 242 871

66 294 245 347 obliquo
274 291 503 345 cespitoso,
531 289 637 333 collo
671 289 870 343 reliquiis
899 289 1100 331 foliorum
1127 291 1402 330 vetustorum
1435 288 1610 341 stipato,
1640 287 1772 329 cauli-

71 352 167 399 bus.
186 350 419 404 gracilibus
439 348 648 391 brevibus
670 349 878 390 flexuosis
895 347 1187 401 monophyllis
1206 346 1475 400 simplicibus
1493 346 1773 400 monocepba-

71 411 124 452 lis
150 410 216 451 vel
240 408 572 462 approximatim
597 412 639 450 et
661 407 857 462 spicatim
882 406 1184 460 2‘2-3-cephalis‚
1208 406 1320 448 foliis
1344 406 1549 448 rosulatis
1575 404 1772 458 oblongis

66 467 350 511 acutiusculis
385 467 483 520 plus
518 467 666 509 minus
699 466 925 508 manifeste
961 465 1235 508 denticulatis
1272 465 1313 506 in
1350 465 1557 517 petiolum
1592 464 1770 506 brevem

69 527 346 569 latiusculuin
370 526 621 575 attenuatis,
639 525 809 568 caulino
828 523 1501 566 lanceolam-lineari‘acuminato
1520 523 1613 566 basi
1630 523 1770 566 sessili

70 585 494 640 semiamplexicauli‚
514 584 739 638 pedicellis
758 583 1046 637 capitulorum
1065 583 1323 625 inferiorum
1343 581 1612 625 brevissimis
1633 583 1770 636 nigro-

67 643 335 697 glandulosis
367 643 580 686 bracteola
615 643 818 685 subulala
857 641 1062 695 suffultis,
1099 641 1298 695 capitulis
1334 641 1526 687 minutis,
1554 640 1769 683 involucri

67 702 320 756 nigricantis
348 702 507 756 phyllis
541 706 724 756 anguste
756 700 1184 743 lineari-lanceolatis
1219 701 1474 743 acuminatis
1511 701 1640 746 dorso
1667 699 1766 753 pilis

67 761 276 803 flexuosis
298 762 392 804 basi
415 761 551 814 nigris
578 761 731 804 crebre
757 760 920 809 obsitis‚
940 759 1132 802 flosculis
1157 761 1284 801 hirtis
1308 761 1426 813 apice
1451 760 1628 812 glabris,
1647 760 1767 801 ache-

62 820 231 862 niis...
275 826 332 867 36.

112 894 211 929 Hab.
230 894 280 929 ad
299 904 414 940 rupes
434 893 640 929 verticales
658 893 811 934 Libani,
826 893 926 929 inira
941 893 1025 928 Mar
1040 893 1189 929 Simam
1208 904 1328 940 prope
1345 894 1501 929 Dimam
1521 898 1558 930 et
1575 894 1623 930 ad
1640 895 1764 941 Djurd

62 941 246 977 Hasroun
263 941 371 986 (ΒΜ).
389 940 445 976 Fl.
464 941 544 976 Jul‘.

110 1003 252 1039 Caules
272 1004 544 1050 semipedales,
561 1004 656 1040 folia
670 1004 858 1039 radicalia
872 1005 1122 1086 cunissetiolo
1140 1004 1387 1050 bipollicaria
1405 1004 1468 1039 6-9
1486 1004 1551 1040 lin.
1567 1005 1658 1050 lata,
1673 1016 1762 1040 oau-

62 1051 188 1086 linum
212 1051 420 1097 angustius
439 1054 476 1087 et
502 1052 674 1094 brevius,
693 1051 866 1098 capitula
889 1052 944 1086 eis
1005 1081 1011 1085 .
1030 1051 1221 1098 rupestrz's
1241 1051 1361 1098 duplo
1387 1052 1555 1097 minora;
1575 1053 1690 1088 affine
1709 1051 1759 1087 H.

60 1097 299 1134 Sartorz'ano
325 1109 347 1133 a
372 1109 449 1145 quo
473 1099 604 1134 differt
625 1098 731 1134 foliis
763 1098 924 1134 brevius
956 1098 1166 1144 petiolatis,
1184 1099 1340 1134 caulino
1371 1099 1763 1145 semiamplexicauli,

54 1145 239 1191 capitulis
261 1146 482 1181 minoribus
514 1146 751 1191 subspicatis
773 1145 1003 1181 lateralibus
1034 1146 1266 1181 brevissime
1299 1146 1549 1192 pedicellatis.
1572 1147 1631 1181 Ex
1658 1147 1762 1182 binis

59 1192 386 1239 incompletisque
401 1193 686 1239 speciminibus
715 1193 917 1239 hucusque
932 1197 1069 1229 notum
1085 1196 1120 1228 et
1135 1193 1297 1228 ulterius
1313 1193 1618 1229 observandum.
1635 1193 1758 1229 Unica

58 1238 288 1276 Euhz'eracz'z'
302 1241 449 1286 species
469 1240 696 1276 Libanotica
715 1240 813 1276 mihi
831 1243 930 1276 nota.

118 1373 185 1413 30.
221 1371 285 1413 Η.
320 1382 635 1415 murorum
678 1372 745 1426 (L.
784 1372 856 1426 Sp.
898 1373 1028 1427 1128)
1065 1373 1178 1415 foliis
1213 1373 1369 1415 subtus
1415 1374 1567 1415 saltem
1605 1374 1758 1427 pilosis

56 1430 320 1473 radicalibus
361 1431 568 1474 rosulatis
606 1431 823 1484 petiolatis
860 1432 998 1473 ovatis
1039 1432 1200 1485 saepius
1240 1431 1515 1474 subcordatis
1556 1432 1758 1485 dentatis,

52 1490 177 1532 caule
202 1490 318 1532 nudo
340 1491 409 1531 vel
440 1490 616 1532 unifolio
643 1490 760 1544 apice
787 1490 850 1545 (in
876 1491 1060 1545 nostris)
1084 1490 1339 1544 corymbose
1372 1491 1663 1546 oligocephalo
1689 1492 1757 1533 vel

54 1548 361 1602 inonocephalo
385 1549 504 1602 apice
535 1553 579 1591 ut
600 1553 642 1592 et
664 1549 900 1603 pedunculi
922 1553 1178 1592 canescente
1207 1560 1320 1604 saepc
1351 1549 1447 1603 pilis
1477 1551 1611 1604 nigris
1636 1551 1754 1604 glan-

55 1606 253 1649 duliferis
293 1608 448 1660 obsito,
488 1608 689 1661 capitulis
729 1608 1037 1659 mediocribus,
1073 1609 1288 1650 involucri
1326 1609 1483 1662 pallide
1521 1610 1756 1664 leucophaei

53 1665 212 1718 phyllis
250 1667 506 1709 acuminatis
544 1671 706 1721 praeter
735 1667 893 1720 pubem
929 1667 1174 1710 breviorem
1214 1668 1311 1721 pilis
1349 1668 1440 1710 basi
1479 1669 1615 1721 nigris
1653 1671 1754 1723 plus

53 1725 199 1767 minus
228 1725 353 1767 hirtis
387 1732 445 1771 24.
473 1727 606 1768 Rchb.
631 1727 717 1768 tab.
746 1727 844 1769 158.

101 1806 200 1842 Hab.
232 1807 271 1842 in
304 1808 549 1854 rupestribus
581 1808 755 1854 regionis
786 1809 941 1856 alpinae,
973 1819 1087 1844 mons
1105 1808 1273 1854 Kyllene
1301 1808 1461 1856 (Orphl)
1480 1811 1517 1845 et
1533 1810 1753 1846 Parnassus

48 1854 226 1898 (Guiccl)
244 1855 392 1894 (formae
412 1855 515 1891 foliis
535 1855 772 1900 maculatis),
791 1855 1019 1892 Macedonia
1037 1856 1075 1890 in
1094 1858 1225 1891 monte
1246 1855 1350 1891 Atho
1370 1857 1753 1902 &GrisebffiThi-acia

52 1901 203 1946 (ΕΓΗ),
223 1901 406 1947 Byzantii
425 1905 462 1938 et
479 1902 529 1938 ad
547 1903 697 1939 radices
717 1903 880 1950 Olympi
900 1902 1063 1948 Bithyni
1090 1902 1267 1947 (Sibai),
1292 1903 1442 1939 Pontus
1467 1904 1568 1940 inter
1583 1904 1752 1941 Samsun

49 1951 89 1983 et
106 1948 212 1984 Teke
232 1949 412 1994 (Tchihi)
433 1953 469 1985 et
483 1950 631 1986 Pontus
650 1951 814 1986 Lazicus
833 1951 883 1986 ad
903 1949 1263 1986 Khabakharssooo‘
1278 1950 1414 1996 (Ball),
1429 1951 1575 1989 Tauria
1590 1951 1626 1988 et
1641 1962 1749 1999 prov.

50 1994 272 2031 Caucasicae
307 1996 444 2042 (ΜΒ.)
479 1997 576 2033 ditio
610 1997 784 2043 Talysch
821 1997 1010 2043 (C.A.M.),
1047 1997 1245 2033 Caucasus
1283 1998 1484 2034 orientalis
1518 1998 1747 2036 coeo-300&

46 2041 219 2089 (Ruprl').

106 2116 148 2169 β.
179 2116 503 2169 pilosisst‘mmn
546 2119 669 2160 Fries
705 2118 852 2173 Symb.
896 2120 992 2161 110.
1029 2142 1082 2150 -
1121 2120 1340 2163 Humilius
1387 2132 1502 2175 saepc
1551 2134 1751 2165 monoce-

44 2175 238 2227 pbalum,
264 2176 365 2219 folia
390 2177 443 2218 ad
471 2178 653 2231 petiolos
672 2178 915 2232 praesertim
946 2179 1242 2221 hirsutissima
1264 2178 1409 2222 minus
1439 2181 1609 2223 dentata
1635 2193 1749 2236 saepe

43 2233 214 2287 integra
241 2234 476 2278 obtusiora.
507 2260 563 2266 —
585 2236 631 2278 H
667 2237 917 2279 atr-omrem
945 2236 1075 2280 Guss.
1097 2237 1176 2281 Sic.
1207 2237 1262 2289 ΙΙ,
1293 2251 1332 2291 p.
1358 2240 1443 2295 408
1469 2239 1577 2293 (non
1614 2239 1745 2282 Rchb.

45 2293 132 2334 tab.
175 2295 250 2335 160
277 2295 392 2348 quod
419 2295 470 2337 H.
497 2295 708 2348 Bouryoei
732 2296 906 2351 Boi-ss).

91 2374 192 2410 Hab.
223 2376 261 2411 in
292 2376 539 2423 rupestribus
569 2377 716 2424 alpinis
747 2378 1061 2423 australioribus,
1080 2378 1192 2415 Creta
1210 2379 1250 2414 in
1270 2380 1471 2416 montibus
1490 2379 1747 2426 Sphacioticis

36 2420 148 2457 46000’
177 2421 344 2466 (Sieberl
373 2424 543 2470 Heldrl)‚
567 2435 681 2461 mons
708 2425 874 2462 Tmolus
895 2426 1031 2471 Lydiae
1057 2437 1177 2473 supra
1210 2426 1395 2472 Bozdagh
1427 2427 1607 2472 (Boissl)‚
1632 2438 1745 2463 mons

46 2468 220 2505 Anemas
238 2470 446 2516 Lycaoniae
465 2472 650 2517 (Heldr!).

91 2542 151 2577 Ar.
180 2543 316 2589 Geoqr.
345 2543 503 2591 Europa
522 2545 663 2589 omnis,
682 2545 827 2581 Sibiria
846 2545 1008 2582 Altaica.

105 2673 173 2714 31.
208 2672 275 2715 H.
304 2674 621 2730 vulgatum
648 2676 787 2732 (Koch
814 2678 917 2732 Syn.
942 2679 1020 2721 Ed.
1049 2678 1100 2729 11,
1125 2691 1163 2732 p.
1194 2680 1290 2721 5021.
1321 2678 1374 2708 —'
1397 2678 1467 2720 Fr.
1492 2678 1620 2731 Nov.)
1643 2680 1743 2734 plus

42 2731 190 2774 minus
209 2732 429 2776 hirsutum
452 2735 672 2778 interdum
696 2736 955 2791 glabr-atum,
973 2738 1094 2780 caule
1117 2738 1229 2780 elato
1249 2737 1445 2780 2-5-folio
1469 2739 1746 2792 corymboso-

43 2791 303 2844 paniculato,
331 2794 444 2835 foliis
472 2794 668 2848 oblongis
692 2808 844 2850 grosse
871 2796 1058 2839 dentatis
1083 2797 1289 2850 utrinque
1314 2797 1548 2840 attenuatis
1572 2798 1744 2840 inferio-

39 2848 166 2891 ribus
211 2851 428 2904 petiolatis
472 2854 655 2896 caulinis
700 2854 1029 2905 subsessilibus,
1074 2855 1331 2909 pedunculis
1376 2860 1535 2909 praeter
1585 2856 1742 2910 pubem

42 2907 289 2951 breviorem
310 2910 410 2964 pilis
431 2911 568 2964 nigris
589 2912 859 2966 glandulosis
885 2915 981 2968 plus
1006 2915 1151 2957 minus
1176 2913 1342 2964 obsitis‚
1358 2915 1557 2969 capitulis
1582 2914 1743 2957 medio-

40 2966 203 3009 cribus.
231 2968 449 3012 involucri
474 2971 727 3024 nigricantis
753 2973 911 3027 phyllis
939 2974 1075 3016 acutis
1100 2974 1214 3027 pube
1243 2973 1366 3016 brevi
1399 2977 1442 3015 et
1476 2973 1574 3027 pilis
1605 2974 1741 3028 nigris
