2066 3296
90 236 332 285 Aer-optilon.
818 243 1062 271 COMPOSITAE.
1728 238 1801 275 613

90 318 235 363 rarius
259 315 429 360 obtusis
455 315 573 357 varie
597 315 787 357 dentatis
815 315 1085 369 pinnatifidis
1110 315 1353 370 partitisve,
1369 317 1674 370 superioribus
1699 331 1798 361 sen-

93 379 174 422 sim
206 374 433 419 diminutis
463 374 663 428 integris,
695 374 897 428 capitulis
934 374 1229 417 mediocribus
1258 375 1396 419 ovatis
1433 376 1546 419 foliis
1579 379 1799 431 supremis

92 435 273 480 minutis
290 433 451 488 saepius
469 433 714 482 bracteatiS,
732 432 949 475 involucri
972 432 1133 487 phyllis
1159 434 1511 477 ovato-rotundis
1536 438 1578 477 et
1601 435 1796 490 oblongis

91 493 317 539 herbaceis
342 492 596 535 membrana
623 491 799 546 hyalina
827 492 1080 534 tomentella
1109 492 1323 536 cucullata
1359 493 1614 536 inferiorum
1642 494 1798 538 obtusa

93 553 373 608 superiorum
401 550 672 594 acutiuscula
700 550 784 593 late
813 550 1083 604 marginatis,
1109 551 1303 594 flosculis
1334 552 1474 594 roseis
1509 558 1567 600 26,
1598 553 1725 596 Jaub.
1757 556 1801 597 et

93 611 249 668 Sp.111.
275 611 347 654 Or.
366 610 451 652 tab.
484 610 533 652 10
549 612 594 651 et
614 610 678 652 11.
702 633 754 639 ——
775 608 1017 652 Centaurea
1033 621 1190 662 repens
1209 609 1254 652 L.
1275 610 1346 664 Sp.
1370 611 1494 653 1233.
1511 636 1560 642 -—
1579 611 1629 653 A.
1652 611 1796 654 Pieris

91 675 136 713 et
157 670 207 713 A.
235 679 390 722 repens
411 681 491 711 nc.
516 668 670 710 Prodr.
692 667 762 720 VI,
782 680 820 721 p.
849 668 949 710 662.
974 693 1030 699 —-
1055 668 1104 710 A.
1136 668 1452 720 obtusifolium,
1476 668 1795 722 subdentatmn,

91 731 316 772 serratum
338 731 382 771 et
405 725 751 780 any-ustffolium
768 727 887 770 Cass.
911 751 964 756 —-
985 726 1217 770 Serratula
1232 726 1380 770 Pieris
1404 727 1508 769 M.B.
1537 728 1612 782 ΙΙΙ,
1637 742 1678 783 p.
1699 731 1797 772 546.

138 803 238 839 Hah.
258 803 298 839 in
315 801 496 846 collibus,
515 801 754 848 graminosis
772 802 884 838 siccis
902 805 941 837 et
959 803 1179 848 praesertim
1196 803 1301 848 agris
1319 802 1515 839 derelictis
1530 804 1651 840 totius
1670 805 1797 850 regio-

90 851 151 886 nis
171 849 382 887 Orientalis
406 849 457 885 ab
481 848 669 885 Anatolia
688 848 851 884 centrali
876 849 916 884 in
940 849 1118 895 Phrygia
1142 850 1293 895 (Jaum,
1314 850 1435 894 Ball),
1459 850 1579 896 Lycia
1599 851 1798 897 (Bourgl)‚

90 897 237 934 Pisidia
253 899 291 934 et
309 896 508 943 Lycaonia
524 895 715 942 (Heldrl),
734 888 984 943 Cappadocia
1001 896 1142 940 (Auch.
1160 896 1289 942 31451,
1304 897 1377 932 Bal
1388 899 1414 942 l)
1432 898 1619 934 Armenia
1636 899 1799 935 Turcica

90 944 241 990 (Calvi)
259 947 297 980 et
313 944 495 981 Rossica!
525 943 575 981 ad
601 944 782 990 regiones
810 944 876 979 Cis
904 945 943 979 et
968 943 1318 980 Transcaucasicas
1334 946 1353 989 l,
1381 944 1648 990 Babyloniam
1665 945 1796 985 ‹Olivl

93 991 304 1037 Hausskl),
331 991 506 1027 Persiam
536 989 824 1026 austro-’occid
848 991 888 1026 in
916 991 1120 1027 montibus
1147 991 1367 1027 Bachtiaris
1396 991 1540 1028 5-9000'
1569 992 1797 1038 (Hausskl),

94 1039 271 1075 Persiam
296 1037 509 1074 centralem
538 1039 575 1074 et
605 1037 809 1074 borealem
836 1037 983 1082 (Auchi
1006 1038 1123 1074 Szovl
1154 1037 1266 1085 Kyll,
1294 1039 1600 1075 Turkestaniam
1624 1040 1802 1085 (Lebml)

93 1086 351 1133 Affghaniam
369 1084 490 1129 (Griff
497 1087 532 1128 l).

92 1196 109 1232 I
140 1150 204 1232 dAr
226 1149 358 1195 Geogr.
375 1148 517 1185 Rossia
535 1149 665 1185 media
678 1151 716 1185 et
733 1149 931 1195 australis,
942 1148 1086 1186 Sibiria
1100 1148 1304 1186 Uralensis
1324 1151 1361 1186 et
1373 1149 1538 1195 Altaica,
1550 1150 1646 1187 ditio
1660 1151 1802 1188 Scinde

113 1207 136 1232 n
168 1206 227 1232 iae.

460 1327 878 1378 PTosmol‘APPUS
904 1329 1052 1391 (Boiss.
1081 1327 1175 1391 Voy.
1204 1329 1295 1392 Esp.
1323 1328 1444 1389 739).

153 1466 403 1522 Capitulum
428 1469 772 1521 heterogamum.
801 1466 1021 1510 Involucri
1048 1467 1196 1522 phylla
1222 1467 1414 1510 coriacea
1440 1467 1665 1510 imbricata
1691 1468 1801 1511 mul-

97 1526 306 1570 tiseriata.
340 1525 532 1570 Achenia
566 1526 688 1568 laevia
715 1537 969 1581 compressa
994 1525 1081 1579 hilo
1110 1526 1276 1569 laterali
1307 1529 1510 1570 excavato
1536 1526 1581 1569 in
1607 1527 1631 1568 ⁴2
1656 1527 1800 1570 sulcos

95 1586 374 1639 divergentes
392 1586 554 1640 saepius
570 1585 782 1640 producto
801 1581 1268 1641 subbicruriLKPappus
1287 1585 1601 1628 caducissimus
1619 1586 1800 1629 subuni-

97 1644 270 1688 serialis
284 1644 391 1687 setis
414 1644 756 1698 subaequilongis
782 1643 961 1687 scabris.
978 1670 1027 1674 —
1049 1643 1207 1688 Herbae
1229 1645 1601 1698 sempervirentes
1634 1646 1799 1688 frutes-

96 1706 257 1747 centes.
289 1727 340 1734 —-
371 1702 523 1748 Genus
554 1703 630 1746 hili
654 1705 879 1747 structura
904 1703 1110 1758 peculiari
1139 1703 1346 1746 donatum
1375 1706 1417 1746 et
1442 1703 1593 1746 habitu
1622 1704 1803 1758 proprio

94 1763 313 1817 gaudens3
338 1763 508 1818 species
533 1775 684 1806 omnes
710 1761 987 1818 (Hispanicae,
1011 1761 1300 1805 Canarienses
1324 1771 1368 1805 et
1390 1763 1516 1805 unica
1543 1761 1799 1817 Orientalis)

98 1821 473 1876 sempervirentes
495 1825 600 1866 sunt
622 1825 666 1864 et
692 1821 984 1865 suffruticosae
1010 1822 1077 1864 vel
1103 1822 1332 1865 fruticosae.

159 1956 195 1998 1.
227 1954 285 1998 P.
312 1955 662 2000 bracteatus
698 1955 857 2010 (Boiss.
898 1955 1050 2009 Diagn.
1082 1955 1174 1998 Ser.
1211 1957 1243 2009 I,
1279 1956 1345 2004 10,
1377 1968 1416 2009 p.
1454 1954 1555 2010 104)
1592 1955 1801 2009 perennis

95 2014 424 2070 sempervirens
461 2015 714 2063 [mucosus.
739 2014 940 2059 caulibus
973 2015 1134 2058 crassis
1171 2015 1385 2058 teretibus
1419 2014 1634 2057 induratis
1668 2013 1797 2057 nudis

96 2084 291 2127 superne
320 2074 522 2127 ramosis,
548 2074 682 2117 ramis
721 2072 886 2117 strictis
923 2075 1020 2117 aliis
1051 2073 1295 2117 hornotinis
1323 2087 1409 2116 non
1445 2073 1649 2116 floriferis
1679 2072 1798 2127 apice

96 2132 321 2175 confertim
357 2132 536 2185 foliosis,
563 2132 660 2176 aliis
700 2133 904 2176 floriferis
945 2133 1155 2188 elongatis
1195 2132 1436 2176 dichotome
1470 2135 1513 2175 et
1543 2132 1798 2186 corymbose

97 2191 412 2246 3-7-cephalis,
453 2191 569 2235 foliis
608 2203 831 2235 ramorum
870 2193 1087 2236 sterilium
1129 2191 1593 2245 oblongo-spathulatis
1629 2190 1798 2234 obtusis

94 2248 389 2304 integerrimis
411 2250 457 2293 in
475 2251 686 2304 petiolum
708 2252 836 2304 longe
859 2251 1096 2295 attenuatis
1119 2251 1315 2304 margine
1340 2249 1655 2293 cibato-lanatis
1677 2252 1799 2292 caete-

96 2320 195 2351 rum
228 2307 410 2362 glabris,
447 2321 667 2352 ramorum
719 2309 1011 2353 floriferorum
1055 2310 1280 2353 diminutiS
1326 2309 1559 2363 glabratis,
1598 2308 1798 2362 capitulis

96 2366 354 2421 pedunculis
387 2367 562 2412 demum
595 2368 1042 2412 clavato-incrassatis
1076 2368 1285 2420 suffultis,
1323 2367 1509 2411 bracteis
1542 2368 1614 2410 5-7
1653 2369 1799 2409 ovato-

95 2425 347 2470 orbiculatis
373 2427 600 2470 cucullatis
634 2427 864 2471 involucro
896 2427 1152 2482 aequilongis
1188 2428 1440 2482 majusculis
1477 2425 1799 2477 ovato-conicis,

94 2483 312 2528 involucri
345 2485 632 2529 ovato-conici
667 2486 828 2541 phyllis
862 2487 1068 2530 coriaceis
1099 2486 1344 2529 arctissime
1375 2485 1612 2528 imbricatis
1643 2483 1799 2527 lucidis

94 2541 221 2586 flavis
258 2543 313 2586 ab
349 2543 513 2587 infimis
548 2544 1056 2599 ovato-triangularibus
1095 2545 1148 2588 ad
1188 2545 1339 2587 intima
1373 2542 1798 2586 lineari-lanceolata

94 2600 306 2656 elongatis
328 2603 467 2646 acutis
494 2614 704 2647 mucrone
728 2602 988 2647 brevissimo
1006 2603 1271 2658 spinescenti
1294 2603 1454 2658 saepius
1477 2601 1674 2655 deciduo,
1698 2601 1798 2643 ssos-

94 2659 205 2703 culis
222 2660 349 2704 flavis
368 2673 453 2705 non
472 2661 759 2713 radiantibus,
774 2663 964 2706 acheniis
987 2662 1430 2716 oblongo-linearibus
1450 2660 1802 2714 subcompressis

93 2716 186 2819 basi
206 2720 444 2763 attenuatis
470 2720 670 2764 umbilico
685 2725 906 2774 excavato,
924 2734 1068 2777 pappo
1091 2721 1291 2764 scabrido
1316 2720 1493 2763 achenio
1518 2719 1800 2772 sublongiore

94 2789 148 2820 ru
165 2778 332 2821 escenti
356 2785 393 2828 5.

138 2848 240 2887 Hah.
259 2851 300 2887 in
317 2853 400 2888 tota
415 2852 575 2906 regione
593 2852 767 2889 inferiori
784 2854 931 2889 montis
950 2853 1078 2889 Cassii
1095 2852 1222 2899 Syriae
1236 2852 1406 2888 borealis
1426 2851 1477 2888 ad
1496 2850 1696 2896 margines
1714 2849 1799 2895 syl-

93 2897 438 2980 }iitriffiinffloisslj,
465 2908 506 2935 ln
533 2902 666 2936 monte
690 2901 847 2936 Amano
873 2901 975 2936 inter
1001 2899 1141 2936 Beilan
1167 2902 1205 2936 et
1233 2899 1335 2935 Kara
1363 2898 1570 2935 Tchausch
1589 2897 1681 2943 (Ky.
1700 2896 1796 2941 681).

139 3005 279 3045 Planta
293 3007 531 3057 5-6-pedalis
555 3009 633 3046 fere
653 3010 851 3056 fruticosa,
877 3010 969 3047 folia
990 3010 1216 3047 rosularum
1234 3020 1322 3047 cum
1342 3007 1800 3056 pet10104·5-pollicaria
