2090 3291
228 256 298 291 758
962 262 1208 288 composmAE.
1671 253 1921 293 Scor-zonera
1931 281 1940 289 .

228 350 355 392 geros
383 340 423 378 et
455 335 684 378 fasciculos
713 334 914 377 foliorum
945 335 1233 388 persistentes
1267 333 1439 377 edente.
1466 335 1663 378 caulibus
1690 337 1847 379 erectis
1875 328 1943 381 vel

229 395 566 439 ascendentibus
586 395 772 436 ramosis
792 393 937 435 rarius
957 393 1230 446 simplicibus
1250 392 1383 436 ramis
1404 405 1596 448 superne
1616 394 1811 448 sulcatis,
1830 396 1943 439 foliis

229 454 420 508 exceptis
433 454 582 496 intimo
597 453 810 494 alterutro
822 451 1045 494 interdum
1061 452 1251 496 indiviso
1266 453 1609 507 pinnatipartitis
1626 453 1792 509 laciniis
1812 455 1942 498 linea-

227 514 352 556 ribus
374 513 441 555 vel
471 511 898 554 lineari-lanceolatis
918 511 1137 553 terminali
1163 512 1361 564 elongata
1387 512 1542 554 lineari
1564 512 1710 555 rarius
1737 512 1942 567 elliptica‚

229 572 430 626 capitulis
443 569 1943 627 mediocribus,involucriphyllisinterioribusintusadpressepnbe-

229 631 355 680 rulis⁹
385 630 577 672 flosculis
614 628 924 682 marginalibus
960 629 1188 672 involucro
1223 630 1374 685 sesqui
1404 630 1471 672 vel
1497 631 1629 684 duplo
1657 631 1942 685 longioribus,

228 690 418 732 acheniis
441 688 602 742 glabris
629 688 785 741 griseis
817 688 1226 741 angulato-striatis,
1256 701 1398 744 pappo
1430 689 1606 732 sordido
1634 691 1814 733 achenio
1839 691 1943 734 sub·

228 749 421 802 longiore
457 754 517 794 26.
545 748 592 789 P.
630 746 912 799 octonfflcldre
946 759 1026 789 1›.c.
1061 747 1218 790 Prodr.
1255 748 1348 798 VII,
1381 760 1424 802 p.
1467 750 1562 791 110.
1588 774 1642 778 —
1665 748 1940 792 Scorzonera

227 807 438 849 laciniam
461 807 580 860 Jacq.
604 807 755 848 Austr.
782 806 865 848 tab.
891 806 1075 848 336.F1.
1101 805 1265 856 Graeca,
1290 807 1374 850 tab.
1403 808 1486 850 788
1511 812 1553 850 et
1576 807 1698 851 ΜΒ..
1721 808 1782 850 Fl.
1809 808 1940 852 Taur.

230 865 354 909 Cauc.
390 879 475 909 non
514 866 558 907 L.
588 890 645 894 —
667 865 706 907 S.
744 864 864 906 lorea
902 864 1072 907 Griseb.
1106 865 1219 920 Spic.
1253 866 1307 916 II,
1340 879 1380 920 p.
1418 867 1522 909 263!
1564 891 1611 897 -
1645 867 1748 910 Pod.
1782 879 1943 909 canum

229 924 328 968 C.A.
355 927 463 979 Mey.
494 925 645 966 Enum.
671 938 713 979 p.
741 924 796 965 62
825 936 982 966 nomen
1003 924 1228 978 antiquius
1255 926 1332 968 sed
1356 925 1502 969 minus
1526 930 1688 981 aptum.
1711 951 1765 957 —-
1791 926 1939 969 Scorz.

228 984 472 1026 calve-scens
498 997 577 1026 D.e.
603 983 759 1025 Prodr.
792 983 885 1027 VII.
912 997 949 1037 p.
982 985 1077 1026 1123.
1110 1009 1156 1014 —
1188 984 1253 1039 Sc.
1281 985 1550 1027 i’llesscn‘e'aca
1574 985 1689 1040 Bory
1709 989 1752 1027 et
1774 985 1935 1028 Cllaub.

230 1043 292 1086 ΡΙ.
320 1044 407 1086 Pel.
436 1057 474 1098 p.
500 1044 569 1091 53,
597 1043 680 1085 tab.
705 1044 771 1084 30.
798 1068 854 1071 —
888 1042 992 1084 Pod.
1020 1042 1189 1097 Meyeri
1211 1043 1254 1086 C.
1282 1044 1400 1087 Koch
1429 1043 1553 1087 Linn.
1578 1044 1738 1097 XXIII,
1773 1058 1813 1099 p.
1840 1046 1938 1087 659.

278 1118 380 1154 Hal).
401 1120 440 1154 in
468 1119 578 1154 siccis
600 1119 772 1163 regionis
800 1118 996 1154 inferioris
1015 1122 1051 1154 et
1079 1123 1289 1163 montanae,
1308 1120 1603 1168 Peloponnesus
1623 1121 1661 1155 in
1688 1120 1886 1157 Messenia
1903 1125 1942 1156 et

230 1167 432 1202 montibus
461 1166 646 1203 Chelmos
670 1169 708 1200 et
735 1165 904 1211 Kyllene
925 1166 1082 1210 (Heldrt
1101 1166 1254 1214 Orphl).
1273 1168 1419 1204 Parnes
1449 1169 1588 1203 Atticae
1606 1167 1794 1213 (Heldrl),
1813 1168 1940 1204 Mace-

229 1214 346 1248 donia
376 1215 414 1249 in
446 1214 599 1249 Athone
627 1213 831 1258 (Griscbll,
850 1213 979 1249 insula
1010 1214 1130 1249 Chios
1158 1214 1265 1250 3000‘
1292 1215 1462 1261 (Oi-phi),
1482 1215 1667 1251 Anatolia
1699 1215 1739 1250 in
1769 1215 1939 1251 collibus

228 1263 408 1305 Smyrnae
427 1261 527 1305 (Bal.
547 1261 649 1298 ‘258ll
672 1264 707 1296 et
729 1260 859 1305 Lyciae
885 1261 932 1296 ad
953 1261 1112 1297 Elmalu
1132 1262 1332 1307 (Bourgl),
1351 1262 1492 1298 Tmolo
1521 1266 1558 1298 et
1581 1262 1732 1297 Cadmo
1756 1262 1938 1307 (Boissl).

227 1308 339 1354 Syria
370 1310 409 1344 in
438 1312 568 1344 monte
593 1308 734 1343 Cassio
753 1308 923 1353 (Boissl)
942 1312 977 1344 et
997 1308 1149 1344 Libano
1169 1310 1217 1345 ad
1238 1310 1347 1346 Eden
1367 1310 1475 1355 (ΒΗ),
1495 1310 1679 1345 Armenia
1698 1309 1864 1346 Tul-oica
1890 1311 1938 1346 ad

228 1355 326 1402 Ispir
343 1356 511 1400 (Huetl).
532 1356 675 1391 ssaibut
695 1359 729 1390 et
752 1355 1070 1391 Grumuchkhane'
1090 1356 1229 1399 (Huet!
1250 1357 1382 1403 Bourg
1395 1360 1433 1402 !)‚
1451 1358 1597 1393 Tauria
1616 1359 1654 1393 et
1673 1357 1938 1394 Transcauca-

228 1404 285 1438 sia
305 1404 407 1449 (CA.
426 1403 534 1448 Meyl
556 1402 726 1448 Le‹'leb.‘)‚
747 1405 870 1438 tractu
890 1403 1064 1449 Talyscli
1084 1404 1240 1448 (Hohl),
1259 1416 1369 1451 prov.
1390 1404 1635 1451 Aderbidjan
1654 1405 1819 1451 (Szovl).

286 1469 329 1523 β.
353 1469 518 1521 alpe'na.
538 1469 800 1511 —Humilis
825 1469 1090 1512 condensata
1124 1482 1242 1524 saepe
1265 1471 1505 1525 pulvinata,
1531 1471 1649 1525 scapi
1684 1470 1940 1521 abbreviati,

226 1528 425 1571 soliorum
452 1529 614 1571 laciniae
648 1540 800 1571 omnes
825 1528 1090 1572 abbreviatae
1125 1531 1194 1572 vel
1227 1530 1471 1573 terminalis
1505 1530 1718 1583 elongata.
1751 1554 1805 1561 —
1830 1530 1938 1573 Pod.

228 1586 481 1640 alpisyenum
506 1586 549 1629 C.
580 1588 696 1630 Koch
727 1589 852 1630 Linn.
882 1587 1042 1639 XXIII,
1068 1602 1107 1643 p.
1139 1590 1310 1631 6558.—
1334 1589 1482 1631 Scorz.
1511 1588 1858 1642 calcitrapifolia
1879 1589 1940 1631 Fl.

228 1644 363 1688 Graec.
389 1647 475 1690 tal).
507 1648 588 1689 787
615 1647 773 1702 (forma
799 1648 964 1690 laciniis
989 1649 1194 1691 omnibus
1220 1648 1501 1692 abbreviatis.

274 1719 376 1756 Hab.
394 1721 433 1756 in
453 1722 611 1767 regione
628 1721 763 1767 alpina
783 1721 945 1769 Olympi
966 1722 1133 1767 Bithyni
1155 1722 1310 1765 (Simu,
1328 1722 1451 1758 Auch.
1471 1722 1594 1766 33321,
1614 1722 1775 1767 Boiam),
1794 1723 1941 1758 montis

226 1767 366 1803 Cadmi
385 1768 509 1803 Cariae
527 1769 708 1813 (ssoissij),
728 1769 884 1804 Davros
912 1773 948 1804 et
975 1769 1139 1805 Stavros
1162 1770 1278 1815 Dagh
1307 1770 1465 1806 Pisidiae
1482 1770 1588 1806 (ΜΘΝ
1611 1769 1800 1815 (Heldr!)‚
1818 1769 1940 1805 Tauri

226 1814 373 1851 Cilicici
403 1815 508 1851 7000'
540 1816 666 1860 (Ix'y!)‚
697 1818 842 1852 montis
878 1816 1220 1863 Masmeneudagh
1253 1817 1512 1864 Cappadociae
1543 1817 1678 1862 (Bali),
1709 1816 1940 1863 Berytdagli

227 1861 429 1898 Cataoniae
446 1864 552 1897 8000’
573 1863 799 1908 (Hausskll.
818 1864 932 1899 Ponti
951 1864 1079 1900 Lazici
1098 1865 1203 1900 7000'
1221 1864 1356 1909 (Ball),
1377 1865 1544 1901 Caucasi
1563 1865 1769 1901 orientalis
1787 1866 1827 1900 in
1845 1864 1941 1900 Tus-

226 1909 350 1945 chetia
373 1913 409 1946 et
429 1911 699 1957 Daghestania
718 1911 948 1947 tttllJO'MlJOO'
966 1911 1137 1958 (Rnprt).

287 1996 325 2033 y.
360 1975 630 2029 sulu'nteyra.
662 2003 712 2007 —
736 1977 893 2019 Forma
922 1981 965 2019 ut
998 1977 1246 2031 praecedens
1271 1977 1448 2019 linniilis
1473 1981 1513 2020 et
1543 1977 1819 2021 condensata.
1842 1976 1938 2019 folia

226 2039 409 2089 anguste
437 2036 615 2078 linearia
641 2037 922 2090 integerrima
950 2038 1014 2079 vel
1045 2037 1209 2079 laciniis
1234 2037 1384 2091 paucis
1416 2049 1530 2091 saepe
1557 2037 1766 2079 brevibus
1790 2039 1937 2085 aucta3

226 2095 454 2137 manifeste
484 2096 639 2138 transit
669 2096 719 2137 ad
747 2098 930 2138 formam
957 2096 1293 2150 przecedentem.

274 2169 376 2204 Hal).
399 2171 437 2206 in
457 2170 738 2206 excelsioribus
756 2171 896 2206 Libani
916 2174 952 2206 et
971 2172 1117 2206 montis
1140 2172 1313 2207 Hermon
1331 2171 1483 2215 (Boissl
1504 2171 1570 2206 ΒΗ
1589 2169 1710 2206 Gaill!
1732 2169 1804 2214 ΚΥ.
1826 2168 1941 2213 1802),

228 2218 421 2252 montium
432 2218 590 2253 Pisidia}
600 2219 705 2254 7000·
725 2218 912 2263 (Halm-n,
922 2219 1036 2255 Ponti
1055 2219 1181 2254 Lazici
1202 2230 1321 2266 supra
1340 2218 1478 2265 Djimil
1500 2223 1537 2253 et
1557 2217 1795 2253 Khabackar
1815 2215 1941 2263 (Ball)

224 2264 368 2307 (forma
386 2265 636 2310 glabrescens
656 2266 761 2302 foliis
781 2266 1009 2312 elongatis).

284 2330 307 2374 δ
322 2331 341 2372 ἵ)
362 2331 646 2384 zrctffl'nata.—
669 2332 786 2374 Folia
810 2336 996 2386 angusta
1019 2334 1060 2375 et
1082 2336 1265 2386 anguste
1291 2331 1487 2373 laciniata
1511 2331 1660 2373 formae
1686 2329 1841 2385 typicae
1861 2328 1939 2371 sed

224 2390 390 2432 caudex
425 2391 592 2445 vaginis
631 2392 918 2444 peticjllaribns
942 2392 1128 2446 -pallidis
1166 2391 1300 2433 dense
1334 2391 1533 2433 vestitus.
1562 2390 1717 2432 Forma
1751 2387 1940 2430 florifera

225 2451 392 2491 tantum
419 2455 518 2492 nota
544 2454 585 2492 et
619 2451 886 2494 subincerta.
909 2475 967 2480 —-
987 2451 1093 2492 Pod.
1119 2451 1382 2502 cespitommz
1412 2449 1551 2492 Boiss.
1581 2453 1624 2501 et
1646 2450 1729 2503 Ky.
1758 2447 1814 2502 pl.
1841 2459 1934 2489 exs.

272 2522 372 2558 Hal).
391 2524 429 2558 in
451 2524 602 2560 fissuris
620 2525 779 2572 rupium
798 2525 943 2560 montis
963 2524 1101 2571 DJel)el
1119 2524 1202 2559 Nur
1220 2523 1368 2559 Ciliciae
1388 2522 1593 2559 orientalis·
1612 2522 1716 2558 2000’
1736 2521 1828 2567 (ΚΥ.
1846 2520 1936 2565 101).

271 2585 426 2633 Species
446 2591 594 2623 statura
612 2590 648 2624 et
665 2589 851 2624 foliorum
871 2589 995 2624 torma
1017 2587 1219 2623 variabilis
1239 2587 1308 2622 sed
1326 2598 1348 2622 a
1370 2586 1603 2633 praecedenti
1625 2585 1752 2621 radice
1773 2583 1939 2631 perenni

222 2636 260 2669 et
276 2633 448 2669 flosculis
464 2635 656 2681 elongatis
676 2647 832 2682 semper
845 2635 1137 2681 distinguenda.
1154 2635 1322 2671 Lacinia}
1339 2634 1520 2670 laterales
1541 2633 1725 2669 foliorum
1741 2631 1937 2685 interdum

224 2682 267 2715 ut
293 2682 332 2716 in
361 2683 595 2728 praecedenti
626 2684 711 2718 basi
739 2686 971 2729 angustatae.
1001 2683 1101 2718 hanc
1132 2687 1266 2719 notam
1296 2693 1317 2718 a
1351 2682 1395 2718 cl.
1426 2681 1603 2717 Bischotf
1626 2680 1867 2727 propositam
1899 2688 1938 2713 ln

222 2727 407 2774 diagnosi
425 2730 546 2776 igitur
565 2731 692 2766 omisi.

270 2792 334 2827 Ar.
358 2793 488 2838 Geoqr.
506 2793 698 2832 Moravia.
718 2796 887 2830 Austi'ia.
908 2795 1028 2840 Regio
1050 2794 1296 2830 Danubialis.

287 2919 325 2959 3.
350 2916 399 2959 S.
425 2918 697 2963 floccosa.
724 2920 908 2963 biennis
934 2932 1061 2973 parce
1079 2919 1562 2973 araneoso-pubescens
1586 2916 1747 2970 pallide
1772 2915 1937 2959 virens.

225 2977 421 3020 caulibus
446 2978 652 3021 tenuibus
680 2980 836 3021 crectis
861 2980 982 3022 clatis
1013 2991 1138 3032 parce
1165 2979 1352 3020 ramosis
1393 2976 1503 3019 foliis
1531 2975 1740 3029 elongatis
1769 2975 1813 3016 in
1837 2973 1937 3014 laci-

226 3035 321 3078 nias
350 3037 631 3080 tenuissimas
667 3039 1140 3081 setaceo-acuminatas
1173 3037 1304 3080 flocco
1339 3037 1435 3078 albo
1466 3036 1642 3089 globoso
1681 3033 1935 3075 terminatas
