<?xml version="1.0" encoding="UTF-8"?>
<!DOCTYPE html PUBLIC "-//W3C//DTD XHTML 1.0 Transitional//EN"
    "http://www.w3.org/TR/xhtml1/DTD/xhtml1-transitional.dtd">
<html xmlns="http://www.w3.org/1999/xhtml" xml:lang="en" lang="en">
 <head>
  <title>
</title>
<meta http-equiv="Content-Type" content="text/html;charset=utf-8" />
  <meta name='ocr-system' content='tesseract 3.04.00' />
  <meta name='ocr-capabilities' content='ocr_page ocr_carea ocr_par ocr_line ocrx_word'/>
</head>
<body>
  <div class='ocr_page' id='page_1' title='image "./floraorientaliss03bois/floraorientaliss03bois_0509.png"; bbox 0 0 2066 3296; ppageno 0'>
   <div class='ocr_carea' id='block_1_1' title="bbox 141 235 1848 284">
    <p class='ocr_par' dir='ltr' id='par_1_1' title="bbox 141 235 1848 284">
     <span class='ocr_line' id='line_1_1' title="bbox 141 235 1848 284; baseline -0.006 -10"><span class='ocrx_word' id='word_1_1' title='bbox 141 236 348 284; x_wconf 77' lang='lat' dir='ltr'>Eehinops.</span> <span class='ocrx_word' id='word_1_2' title='bbox 865 243 1110 269; x_wconf 73' lang='lat' dir='ltr'>composrrAE.</span> <span class='ocrx_word' id='word_1_3' title='bbox 1774 235 1848 272; x_wconf 71' lang='lat'>423</span> 
     </span>
    </p>
   </div>
   <div class='ocr_carea' id='block_1_2' title="bbox 201 329 1785 443">
    <p class='ocr_par' dir='ltr' id='par_1_2' title="bbox 201 329 1785 443">
     <span class='ocr_line' id='line_1_2' title="bbox 201 329 1785 389; baseline -0.002 -14"><span class='ocrx_word' id='word_1_4' title='bbox 201 333 222 389; x_wconf 61' lang='grc' dir='ltr'><strong>ἓ</strong></span> <span class='ocrx_word' id='word_1_5' title='bbox 257 335 292 374; x_wconf 88' lang='grc'>1.</span> <span class='ocrx_word' id='word_1_6' title='bbox 327 331 822 383; x_wconf 77' lang='lat' dir='ltr'>Exinvolucratae.</span> <span class='ocrx_word' id='word_1_7' title='bbox 858 355 911 361; x_wconf 89' lang='lat'>—-</span> <span class='ocrx_word' id='word_1_8' title='bbox 940 329 1135 384; x_wconf 81' lang='lat' dir='ltr'>Capitula</span> <span class='ocrx_word' id='word_1_9' title='bbox 1159 331 1246 373; x_wconf 84' lang='lat' dir='ltr'>basi</span> <span class='ocrx_word' id='word_1_10' title='bbox 1273 331 1391 373; x_wconf 87' lang='lat' dir='ltr'>nuda</span> <span class='ocrx_word' id='word_1_11' title='bbox 1417 331 1612 385; x_wconf 73' lang='lat' dir='ltr'>(Except.</span> <span class='ocrx_word' id='word_1_12' title='bbox 1644 332 1785 373; x_wconf 71' lang='lat' dir='ltr'>Ptosi—</span> 
     </span>
     <span class='ocr_line' id='line_1_3' title="bbox 573 389 1413 443; baseline -0.001 -12"><span class='ocrx_word' id='word_1_13' title='bbox 573 390 778 442; x_wconf 76' lang='lat' dir='ltr'>mopappc&#39;</span> <span class='ocrx_word' id='word_1_14' title='bbox 802 394 844 431; x_wconf 83' lang='lat' dir='ltr'>et</span> <span class='ocrx_word' id='word_1_15' title='bbox 866 389 1116 431; x_wconf 74' lang='lat' dir='ltr'>Centaureoe</span> <span class='ocrx_word' id='word_1_16' title='bbox 1142 401 1207 443; x_wconf 89' lang='lat' dir='ltr'>sp.</span> <span class='ocrx_word' id='word_1_17' title='bbox 1232 390 1413 443; x_wconf 86' lang='lat' dir='ltr'>paucae).</span> 
     </span>
    </p>
   </div>
   <div class='ocr_carea' id='block_1_3' title="bbox 259 479 1725 572">
    <p class='ocr_par' dir='ltr' id='par_1_3' title="bbox 259 479 1725 572">
     <span class='ocr_line' id='line_1_4' title="bbox 259 479 1725 528; baseline -0.001 -10.947"><span class='ocrx_word' id='word_1_18' title='bbox 259 482 454 528; x_wconf 82' lang='lat' dir='ltr'>&#39;Pappus</span> <span class='ocrx_word' id='word_1_19' title='bbox 472 481 697 523; x_wconf 51' lang='lat' dir='ltr'>consonum</span> <span class='ocrx_word' id='word_1_20' title='bbox 718 480 755 515; x_wconf 89' lang='lat' dir='ltr'>id</span> <span class='ocrx_word' id='word_1_21' title='bbox 777 482 834 515; x_wconf 78' lang='lat' dir='ltr'>est</span> <span class='ocrx_word' id='word_1_22' title='bbox 852 490 945 515; x_wconf 65' lang='lat' dir='ltr'>con:</span> <span class='ocrx_word' id='word_1_23' title='bbox 929 482 1039 514; x_wconf 81' lang='lat' dir='ltr'>tans</span> <span class='ocrx_word' id='word_1_24' title='bbox 1059 480 1151 514; x_wconf 87' lang='lat' dir='ltr'>setis</span> <span class='ocrx_word' id='word_1_25' title='bbox 1170 480 1233 513; x_wconf 87' lang='lat' dir='ltr'>vel</span> <span class='ocrx_word' id='word_1_26' title='bbox 1253 479 1377 525; x_wconf 79' lang='lat' dir='ltr'>paleis</span> <span class='ocrx_word' id='word_1_27' title='bbox 1399 479 1655 525; x_wconf 82' lang='lat' dir='ltr'>pluriseriatis</span> <span class='ocrx_word' id='word_1_28' title='bbox 1673 480 1725 515; x_wconf 84' lang='lat' dir='ltr'>ab</span> 
     </span>
     <span class='ocr_line' id='line_1_5' title="bbox 586 526 1401 572; baseline -0.002 -9"><span class='ocrx_word' id='word_1_29' title='bbox 586 528 756 563; x_wconf 80' lang='lat' dir='ltr'>externis</span> <span class='ocrx_word' id='word_1_30' title='bbox 775 527 824 562; x_wconf 83' lang='lat' dir='ltr'>ad</span> <span class='ocrx_word' id='word_1_31' title='bbox 848 528 969 562; x_wconf 89' lang='lat' dir='ltr'>intim</span> <span class='ocrx_word' id='word_1_32' title='bbox 975 538 1005 562; x_wconf 77' lang='grc' dir='ltr'>ι5</span> <span class='ocrx_word' id='word_1_33' title='bbox 1027 528 1174 561; x_wconf 85' lang='lat' dir='ltr'>sensim</span> <span class='ocrx_word' id='word_1_34' title='bbox 1193 526 1401 572; x_wconf 66' lang='lat' dir='ltr'>elongatis</span> 
     </span>
    </p>
   </div>
   <div class='ocr_carea' id='block_1_4' title="bbox 368 621 1615 670">
    <p class='ocr_par' dir='ltr' id='par_1_4' title="bbox 368 621 1615 670">
     <span class='ocr_line' id='line_1_6' title="bbox 368 621 1615 670; baseline -0.002 -11"><span class='ocrx_word' id='word_1_35' title='bbox 368 627 410 667; x_wconf 69' lang='lat'>4-</span> <span class='ocrx_word' id='word_1_36' title='bbox 462 624 619 670; x_wconf 86' lang='lat' dir='ltr'>Pappus</span> <span class='ocrx_word' id='word_1_37' title='bbox 640 624 851 669; x_wconf 86' lang='lat' dir='ltr'>persistens</span> <span class='ocrx_word' id='word_1_38' title='bbox 869 622 1049 668; x_wconf 82' lang='lat' dir='ltr'>(Except.</span> <span class='ocrx_word' id='word_1_39' title='bbox 1071 621 1291 658; x_wconf 61' lang='lat' dir='ltr'>Ser-ratulfo</span> <span class='ocrx_word' id='word_1_40' title='bbox 1307 632 1365 668; x_wconf 88' lang='lat' dir='ltr'>sp.</span> <span class='ocrx_word' id='word_1_41' title='bbox 1386 621 1615 666; x_wconf 73' lang='lat' dir='ltr'>nonnullae).</span> 
     </span>
    </p>
   </div>
   <div class='ocr_carea' id='block_1_5' title="bbox 141 700 1843 786">
    <p class='ocr_par' dir='ltr' id='par_1_5' title="bbox 141 700 1843 786">
     <span class='ocr_line' id='line_1_7' title="bbox 141 700 1843 785; baseline -0.001 -46"><span class='ocrx_word' id='word_1_42' title='bbox 141 702 410 785; x_wconf 60' lang='grc' dir='ltr'>Αδεὸννιέικία,</span> <span class='ocrx_word' id='word_1_43' title='bbox 445 702 752 749; x_wconf 77' lang='lat' dir='ltr'>Rhapontz&#39;eum,</span> <span class='ocrx_word' id='word_1_44' title='bbox 789 701 1081 748; x_wconf 73' lang='lat' dir='ltr'>Phoeopappus,</span> <span class='ocrx_word' id='word_1_45' title='bbox 1111 700 1426 747; x_wconf 65' lang='lat' dir='ltr'>AEeropappus,</span> <span class='ocrx_word' id='word_1_46' title='bbox 1465 700 1843 748; x_wconf 66' lang='lat' dir='ltr'>Hymenocephalus,</span> 
     </span>
     <span class='ocr_line' id='line_1_8' title="bbox 184 760 376 786; baseline -0.005 0"><span class='ocrx_word' id='word_1_47' title='bbox 184 761 222 786; x_wconf 87' lang='lat' dir='ltr'><em>m</em></span> <span class='ocrx_word' id='word_1_48' title='bbox 249 760 292 786; x_wconf 84' lang='lat' dir='ltr'>er</span> <span class='ocrx_word' id='word_1_49' title='bbox 315 761 376 786; x_wconf 85' lang='lat' dir='ltr'>oa.</span> 
     </span>
    </p>
   </div>
   <div class='ocr_carea' id='block_1_6' title="bbox 235 844 1746 892">
    <p class='ocr_par' dir='ltr' id='par_1_6' title="bbox 235 844 1746 892">
     <span class='ocr_line' id='line_1_9' title="bbox 235 844 1746 892; baseline -0.001 -10"><span class='ocrx_word' id='word_1_50' title='bbox 235 849 278 882; x_wconf 72' lang='lat'>4-</span> <span class='ocrx_word' id='word_1_51' title='bbox 331 849 372 890; x_wconf 68' lang='grc'>-4-</span> <span class='ocrx_word' id='word_1_52' title='bbox 423 846 547 892; x_wconf 85' lang='lat' dir='ltr'>Pappi</span> <span class='ocrx_word' id='word_1_53' title='bbox 566 847 660 881; x_wconf 84' lang='lat' dir='ltr'>setae</span> <span class='ocrx_word' id='word_1_54' title='bbox 675 845 739 881; x_wconf 85' lang='lat' dir='ltr'>vel</span> <span class='ocrx_word' id='word_1_55' title='bbox 756 846 795 881; x_wconf 89' lang='lat' dir='ltr'>in</span> <span class='ocrx_word' id='word_1_56' title='bbox 813 845 1006 880; x_wconf 85' lang='lat' dir='ltr'>annulum</span> <span class='ocrx_word' id='word_1_57' title='bbox 1019 847 1206 881; x_wconf 78' lang='lat' dir='ltr'>concretae</span> <span class='ocrx_word' id='word_1_58' title='bbox 1225 844 1288 879; x_wconf 88' lang='lat' dir='ltr'>vel</span> <span class='ocrx_word' id='word_1_59' title='bbox 1308 845 1544 889; x_wconf 74' lang='lat' dir='ltr'>segregatim</span> <span class='ocrx_word' id='word_1_60' title='bbox 1559 845 1746 880; x_wconf 81' lang='lat' dir='ltr'>deciduae.</span> 
     </span>
    </p>
   </div>
   <div class='ocr_carea' id='block_1_7' title="bbox 188 925 1843 973">
    <p class='ocr_par' dir='ltr' id='par_1_7' title="bbox 188 925 1843 973">
     <span class='ocr_line' id='line_1_10' title="bbox 188 925 1843 973; baseline -0.001 -9"><span class='ocrx_word' id='word_1_61' title='bbox 188 926 360 972; x_wconf 73' lang='lat' dir='ltr'>Leuzea,</span> <span class='ocrx_word' id='word_1_62' title='bbox 387 926 626 973; x_wconf 79' lang='lat' dir='ltr'>Pseplzellus‚</span> <span class='ocrx_word' id='word_1_63' title='bbox 658 925 917 973; x_wconf 71' lang='lat' dir='ltr'>Stizolophus</span> <span class='ocrx_word' id='word_1_64' title='bbox 949 926 1191 972; x_wconf 72' lang='lat' dir='ltr'>Acroptilorz,</span> <span class='ocrx_word' id='word_1_65' title='bbox 1222 925 1564 971; x_wconf 31' lang='lat' dir='ltr'>Ptmsz&#39;mopappm</span> <span class='ocrx_word' id='word_1_66' title='bbox 1584 925 1843 971; x_wconf 74' lang='lat' dir='ltr'>Plaqz&#39;obasis.</span> 
     </span>
    </p>
   </div>
   <div class='ocr_carea' id='block_1_8' title="bbox 186 1023 1845 1202">
    <p class='ocr_par' dir='ltr' id='par_1_8' title="bbox 186 1023 1845 1202">
     <span class='ocr_line' id='line_1_11' title="bbox 186 1023 1845 1071; baseline -0.001 -11"><span class='ocrx_word' id='word_1_67' title='bbox 186 1023 208 1041; x_wconf 82' lang='lat'><strong>*</strong></span> <span class='ocrx_word' id='word_1_68' title='bbox 235 1023 254 1041; x_wconf 72' lang='lat'>¹*</span> <span class='ocrx_word' id='word_1_69' title='bbox 281 1025 441 1071; x_wconf 83' lang='lat' dir='ltr'>Pappus</span> <span class='ocrx_word' id='word_1_70' title='bbox 467 1024 659 1067; x_wconf 75' lang='lat' dir='ltr'>biformis,</span> <span class='ocrx_word' id='word_1_71' title='bbox 687 1025 839 1060; x_wconf 81' lang='lat' dir='ltr'>externi</span> <span class='ocrx_word' id='word_1_72' title='bbox 867 1027 960 1058; x_wconf 62' lang='lat' dir='ltr'>seta}</span> <span class='ocrx_word' id='word_1_73' title='bbox 990 1024 1052 1058; x_wconf 87' lang='lat' dir='ltr'>vel</span> <span class='ocrx_word' id='word_1_74' title='bbox 1079 1023 1202 1069; x_wconf 78' lang='lat' dir='ltr'>paleae</span> <span class='ocrx_word' id='word_1_75' title='bbox 1232 1023 1490 1069; x_wconf 83' lang='lat' dir='ltr'>pluriseriatae</span> <span class='ocrx_word' id='word_1_76' title='bbox 1515 1023 1565 1057; x_wconf 84' lang='lat' dir='ltr'>ab</span> <span class='ocrx_word' id='word_1_77' title='bbox 1594 1024 1764 1058; x_wconf 80' lang='lat' dir='ltr'>externis</span> <span class='ocrx_word' id='word_1_78' title='bbox 1794 1023 1845 1058; x_wconf 84' lang='lat' dir='ltr'>ad</span> 
     </span>
     <span class='ocr_line' id='line_1_12' title="bbox 352 1069 1844 1116; baseline -0.001 -9"><span class='ocrx_word' id='word_1_79' title='bbox 352 1073 512 1107; x_wconf 80' lang='lat' dir='ltr'>intimas</span> <span class='ocrx_word' id='word_1_80' title='bbox 542 1072 750 1116; x_wconf 49' lang='lat' dir='ltr'>elongat-131</span> <span class='ocrx_word' id='word_1_81' title='bbox 781 1071 925 1106; x_wconf 82' lang='lat' dir='ltr'>interni</span> <span class='ocrx_word' id='word_1_82' title='bbox 946 1072 1148 1106; x_wconf 79' lang='lat' dir='ltr'>uniseriati</span> <span class='ocrx_word' id='word_1_83' title='bbox 1168 1070 1292 1116; x_wconf 80' lang='lat' dir='ltr'>paleae</span> <span class='ocrx_word' id='word_1_84' title='bbox 1313 1069 1374 1104; x_wconf 87' lang='lat' dir='ltr'>vel</span> <span class='ocrx_word' id='word_1_85' title='bbox 1399 1073 1436 1104; x_wconf 91' lang='lat' dir='ltr'>et</span> <span class='ocrx_word' id='word_1_86' title='bbox 1461 1070 1678 1115; x_wconf 76' lang='lat' dir='ltr'>saepissime</span> <span class='ocrx_word' id='word_1_87' title='bbox 1706 1070 1844 1105; x_wconf 81' lang='lat' dir='ltr'>abbre-</span> 
     </span>
     <span class='ocr_line' id='line_1_13' title="bbox 355 1118 1844 1164; baseline -0.002 -10"><span class='ocrx_word' id='word_1_88' title='bbox 355 1119 472 1154; x_wconf 84' lang='lat' dir='ltr'>viatae</span> <span class='ocrx_word' id='word_1_89' title='bbox 499 1119 768 1162; x_wconf 82' lang='lat' dir='ltr'>conniventes,</span> <span class='ocrx_word' id='word_1_90' title='bbox 791 1121 854 1154; x_wconf 89' lang='lat' dir='ltr'>vel</span> <span class='ocrx_word' id='word_1_91' title='bbox 879 1121 917 1153; x_wconf 86' lang='lat' dir='ltr'>et</span> <span class='ocrx_word' id='word_1_92' title='bbox 940 1118 1068 1153; x_wconf 85' lang='lat' dir='ltr'>rarius</span> <span class='ocrx_word' id='word_1_93' title='bbox 1095 1118 1290 1163; x_wconf 73' lang='lat' dir='ltr'>elongatae</span> <span class='ocrx_word' id='word_1_94' title='bbox 1313 1127 1487 1163; x_wconf 81' lang='lat' dir='ltr'>pappum</span> <span class='ocrx_word' id='word_1_95' title='bbox 1508 1120 1712 1152; x_wconf 84' lang='lat' dir='ltr'>externum</span> <span class='ocrx_word' id='word_1_96' title='bbox 1730 1128 1844 1164; x_wconf 87' lang='lat' dir='ltr'>supe-</span> 
     </span>
     <span class='ocr_line' id='line_1_14' title="bbox 352 1169 494 1202; baseline 0 -1"><span class='ocrx_word' id='word_1_97' title='bbox 352 1169 494 1202; x_wconf 74' lang='lat' dir='ltr'>rantes.</span> 
     </span>
    </p>
   </div>
   <div class='ocr_carea' id='block_1_9' title="bbox 189 1229 1728 1356">
    <p class='ocr_par' dir='ltr' id='par_1_9' title="bbox 189 1229 1728 1356">
     <span class='ocr_line' id='line_1_15' title="bbox 747 1229 1239 1276; baseline -0.002 -12"><span class='ocrx_word' id='word_1_98' title='bbox 747 1232 788 1273; x_wconf 63' lang='lat' dir='ltr'>-l-</span> <span class='ocrx_word' id='word_1_99' title='bbox 840 1230 996 1276; x_wconf 84' lang='lat' dir='ltr'>Pappus</span> <span class='ocrx_word' id='word_1_100' title='bbox 1016 1229 1239 1275; x_wconf 68' lang='lat' dir='ltr'>persistens.</span> 
     </span>
     <span class='ocr_line' id='line_1_16' title="bbox 189 1306 1728 1356; baseline -0.001 -12"><span class='ocrx_word' id='word_1_101' title='bbox 189 1307 426 1352; x_wconf 79' lang='lat' dir='ltr'>Centaurea,</span> <span class='ocrx_word' id='word_1_102' title='bbox 446 1308 698 1356; x_wconf 76' lang='lat' dir='ltr'>Chartolepz&#39;s,</span> <span class='ocrx_word' id='word_1_103' title='bbox 719 1309 883 1356; x_wconf 61' lang='lat' dir='ltr'>Zoze&#39;yea,</span> <span class='ocrx_word' id='word_1_104' title='bbox 907 1308 1096 1354; x_wconf 64' lang='lat' dir='ltr'>Gramina,</span> <span class='ocrx_word' id='word_1_105' title='bbox 1111 1307 1411 1351; x_wconf 71' lang='lat' dir='ltr'>Mz‘oe-olonehus,</span> <span class='ocrx_word' id='word_1_106' title='bbox 1430 1306 1728 1354; x_wconf 73' lang='lat' dir='ltr'>Callicephalus.</span> 
     </span>
    </p>
   </div>
   <div class='ocr_carea' id='block_1_10' title="bbox 184 1405 1279 1517">
    <p class='ocr_par' dir='ltr' id='par_1_10' title="bbox 184 1405 1279 1517">
     <span class='ocr_line' id='line_1_17' title="bbox 707 1405 1279 1451; baseline -0.003 -11"><span class='ocrx_word' id='word_1_107' title='bbox 707 1408 748 1448; x_wconf 66' lang='lat'>4-</span> <span class='ocrx_word' id='word_1_108' title='bbox 802 1408 842 1448; x_wconf 67' lang='lat'>4-</span> <span class='ocrx_word' id='word_1_109' title='bbox 896 1405 1053 1451; x_wconf 86' lang='lat' dir='ltr'>Pappus</span> <span class='ocrx_word' id='word_1_110' title='bbox 1079 1405 1279 1439; x_wconf 85' lang='lat' dir='ltr'>deciduus.</span> 
     </span>
     <span class='ocr_line' id='line_1_18' title="bbox 184 1468 473 1517; baseline -0.007 -11"><span class='ocrx_word' id='word_1_111' title='bbox 184 1468 473 1517; x_wconf 78' lang='lat' dir='ltr'>AEqz&#39;alophila.</span> 
     </span>
    </p>
   </div>
   <div class='ocr_carea' id='block_1_11' title="bbox 198 1584 1783 1687">
    <p class='ocr_par' dir='ltr' id='par_1_11' title="bbox 198 1584 1783 1687">
     <span class='ocr_line' id='line_1_19' title="bbox 198 1584 1783 1686; baseline 0 -61"><span class='ocrx_word' id='word_1_112' title='bbox 198 1584 221 1639; x_wconf 67' lang='lat' dir='ltr'>g</span> <span class='ocrx_word' id='word_1_113' title='bbox 255 1585 292 1626; x_wconf 72' lang='lat'>2.</span> <span class='ocrx_word' id='word_1_114' title='bbox 327 1584 743 1629; x_wconf 81' lang='lat' dir='ltr'>Involucratae.</span> <span class='ocrx_word' id='word_1_115' title='bbox 771 1607 826 1616; x_wconf 93' lang='lat'>-</span> <span class='ocrx_word' id='word_1_116' title='bbox 854 1585 1050 1686; x_wconf 59' lang='lat' dir='ltr'>Capiltula</span> <span class='ocrx_word' id='word_1_117' title='bbox 1076 1586 1261 1627; x_wconf 77' lang='lat' dir='ltr'>bracteis</span> <span class='ocrx_word' id='word_1_118' title='bbox 1289 1585 1476 1627; x_wconf 85' lang='lat' dir='ltr'>foliaceis</span> <span class='ocrx_word' id='word_1_119' title='bbox 1501 1584 1568 1627; x_wconf 87' lang='lat' dir='ltr'>vel</span> <span class='ocrx_word' id='word_1_120' title='bbox 1596 1585 1783 1637; x_wconf 83' lang='lat' dir='ltr'>spinosis</span> 
     </span>
     <span class='ocr_line' id='line_1_20' title="bbox 856 1646 1137 1687; baseline 0 -2"><span class='ocrx_word' id='word_1_121' title='bbox 856 1646 956 1687; x_wconf 86' lang='lat' dir='ltr'>invo</span> <span class='ocrx_word' id='word_1_122' title='bbox 979 1650 1137 1687; x_wconf 81' lang='lat' dir='ltr'>ucrala.</span> 
     </span>
    </p>
   </div>
   <div class='ocr_carea' id='block_1_12' title="bbox 181 1734 1230 1779">
    <p class='ocr_par' dir='ltr' id='par_1_12' title="bbox 181 1734 1230 1779">
     <span class='ocr_line' id='line_1_21' title="bbox 181 1734 1230 1779; baseline -0.002 -8"><span class='ocrx_word' id='word_1_123' title='bbox 181 1734 466 1778; x_wconf 80' lang='lat' dir='ltr'>MeIanoIoma,</span> <span class='ocrx_word' id='word_1_124' title='bbox 490 1735 639 1778; x_wconf 77' lang='lat' dir='ltr'>an&#39;cus,</span> <span class='ocrx_word' id='word_1_125' title='bbox 664 1735 917 1779; x_wconf 71' lang='lat' dir='ltr'>Carthamas,</span> <span class='ocrx_word' id='word_1_126' title='bbox 937 1734 1230 1771; x_wconf 62' lang='lat' dir='ltr'>Car-dancellus.</span> 
     </span>
    </p>
   </div>
   <div class='ocr_carea' id='block_1_13' title="bbox 194 2019 1841 2254">
    <p class='ocr_par' dir='ltr' id='par_1_13' title="bbox 194 2019 1841 2254">
     <span class='ocr_line' id='line_1_22' title="bbox 194 2019 1839 2076; baseline 0 -14"><span class='ocrx_word' id='word_1_127' title='bbox 194 2019 353 2064; x_wconf 76' lang='lat' dir='ltr'><strong>Sumn.</strong></span> <span class='ocrx_word' id='word_1_128' title='bbox 386 2021 417 2063; x_wconf 90' lang='lat' dir='ltr'>I.</span> <span class='ocrx_word' id='word_1_129' title='bbox 452 2021 888 2065; x_wconf 88' lang='lat' dir='ltr'>ECHINOPSIDEAE</span> <span class='ocrx_word' id='word_1_130' title='bbox 922 2024 1046 2065; x_wconf 87' lang='lat' dir='ltr'>Less.</span> <span class='ocrx_word' id='word_1_131' title='bbox 1076 2045 1132 2053; x_wconf 92' lang='lat'>—</span> <span class='ocrx_word' id='word_1_132' title='bbox 1156 2021 1353 2076; x_wconf 86' lang='lat' dir='ltr'>Capitula</span> <span class='ocrx_word' id='word_1_133' title='bbox 1386 2021 1573 2063; x_wconf 87' lang='lat' dir='ltr'>unissora</span> <span class='ocrx_word' id='word_1_134' title='bbox 1599 2022 1643 2062; x_wconf 91' lang='lat' dir='ltr'>in</span> <span class='ocrx_word' id='word_1_135' title='bbox 1677 2021 1839 2074; x_wconf 85' lang='lat' dir='ltr'>glome-</span> 
     </span>
     <span class='ocr_line' id='line_1_23' title="bbox 436 2081 1841 2135; baseline -0.002 -11"><span class='ocrx_word' id='word_1_136' title='bbox 436 2082 558 2124; x_wconf 88' lang='lat' dir='ltr'>rulos</span> <span class='ocrx_word' id='word_1_137' title='bbox 597 2082 798 2135; x_wconf 82' lang='lat' dir='ltr'>globosos</span> <span class='ocrx_word' id='word_1_138' title='bbox 841 2083 975 2124; x_wconf 78' lang='lat' dir='ltr'>dense</span> <span class='ocrx_word' id='word_1_139' title='bbox 1016 2085 1232 2135; x_wconf 83' lang='lat' dir='ltr'>congesta.</span> <span class='ocrx_word' id='word_1_140' title='bbox 1272 2082 1448 2135; x_wconf 85' lang='lat' dir='ltr'>Pappus</span> <span class='ocrx_word' id='word_1_141' title='bbox 1488 2081 1593 2132; x_wconf 86' lang='lat' dir='ltr'>setis</span> <span class='ocrx_word' id='word_1_142' title='bbox 1630 2081 1841 2133; x_wconf 80' lang='lat' dir='ltr'>paleaceis</span> 
     </span>
     <span class='ocr_line' id='line_1_24' title="bbox 434 2140 1839 2194; baseline -0.001 -12"><span class='ocrx_word' id='word_1_143' title='bbox 434 2141 687 2183; x_wconf 80' lang='lat' dir='ltr'>uniseriatis</span> <span class='ocrx_word' id='word_1_144' title='bbox 728 2140 826 2194; x_wconf 86' lang='lat' dir='ltr'>plus</span> <span class='ocrx_word' id='word_1_145' title='bbox 859 2142 1004 2184; x_wconf 88' lang='lat' dir='ltr'>minus</span> <span class='ocrx_word' id='word_1_146' title='bbox 1031 2142 1243 2184; x_wconf 79' lang='lat' dir='ltr'>concretis</span> <span class='ocrx_word' id='word_1_147' title='bbox 1275 2142 1343 2182; x_wconf 91' lang='lat' dir='ltr'>vel</span> <span class='ocrx_word' id='word_1_148' title='bbox 1374 2140 1524 2182; x_wconf 88' lang='lat' dir='ltr'>liberis</span> <span class='ocrx_word' id='word_1_149' title='bbox 1560 2140 1603 2181; x_wconf 91' lang='lat' dir='ltr'>in</span> <span class='ocrx_word' id='word_1_150' title='bbox 1635 2151 1839 2181; x_wconf 86' lang='lat' dir='ltr'>coronam</span> 
     </span>
     <span class='ocr_line' id='line_1_25' title="bbox 433 2201 991 2254; baseline 0.002 -13"><span class='ocrx_word' id='word_1_151' title='bbox 433 2201 751 2254; x_wconf 82' lang='lat' dir='ltr'>approximatis</span> <span class='ocrx_word' id='word_1_152' title='bbox 773 2204 991 2243; x_wconf 82' lang='lat' dir='ltr'>constans.</span> 
     </span>
    </p>
   </div>
   <div class='ocr_carea' id='block_1_14' title="bbox 234 2364 1739 2494">
    <p class='ocr_par' dir='ltr' id='par_1_14' title="bbox 234 2364 1739 2494">
     <span class='ocr_line' id='line_1_26' title="bbox 234 2364 1739 2424; baseline -0.003 -10"><span class='ocrx_word' id='word_1_153' title='bbox 234 2365 487 2414; x_wconf 77' lang='lat' dir='ltr'>EClllNlll‘S</span> <span class='ocrx_word' id='word_1_154' title='bbox 522 2368 586 2424; x_wconf 73' lang='lat' dir='ltr'>(t.</span> <span class='ocrx_word' id='word_1_155' title='bbox 620 2368 720 2415; x_wconf 76' lang='lat' dir='ltr'>Gen.</span> <span class='ocrx_word' id='word_1_156' title='bbox 749 2368 852 2415; x_wconf 87' lang='grc'><strong>999.</strong></span> <span class='ocrx_word' id='word_1_157' title='bbox 882 2396 943 2401; x_wconf 88' lang='lat'>—-</span> <span class='ocrx_word' id='word_1_158' title='bbox 974 2367 1141 2414; x_wconf 83' lang='lat' dir='ltr'>Trautv.</span> <span class='ocrx_word' id='word_1_159' title='bbox 1173 2367 1344 2414; x_wconf 78' lang='lat' dir='ltr'>Dissert.</span> <span class='ocrx_word' id='word_1_160' title='bbox 1373 2364 1572 2413; x_wconf 73' lang='lat'><strong>1833.--</strong></span> <span class='ocrx_word' id='word_1_161' title='bbox 1604 2365 1739 2424; x_wconf 76' lang='lat' dir='ltr'>Bunqe</span> 
     </span>
     <span class='ocr_line' id='line_1_27' title="bbox 514 2431 1482 2494; baseline -0.002 -15"><span class='ocrx_word' id='word_1_162' title='bbox 514 2435 610 2494; x_wconf 83' lang='lat' dir='ltr'>Syn.</span> <span class='ocrx_word' id='word_1_163' title='bbox 640 2434 680 2479; x_wconf 87' lang='lat' dir='ltr'>in</span> <span class='ocrx_word' id='word_1_164' title='bbox 714 2434 821 2480; x_wconf 85' lang='lat' dir='ltr'>Bull.</span> <span class='ocrx_word' id='word_1_165' title='bbox 857 2433 976 2480; x_wconf 69' lang='lat' dir='ltr'>Aeaci,</span> <span class='ocrx_word' id='word_1_166' title='bbox 1012 2434 1173 2493; x_wconf 78' lang='lat' dir='ltr'>Petrop.</span> <span class='ocrx_word' id='word_1_167' title='bbox 1203 2432 1266 2485; x_wconf 85' lang='lat' dir='ltr'>Vl,</span> <span class='ocrx_word' id='word_1_168' title='bbox 1293 2446 1332 2492; x_wconf 87' lang='lat' dir='ltr'>p.</span> <span class='ocrx_word' id='word_1_169' title='bbox 1360 2431 1482 2491; x_wconf 80' lang='lat'>390.)</span> 
     </span>
    </p>
   </div>
   <div class='ocr_carea' id='block_1_15' title="bbox 83 2584 1843 3051">
    <p class='ocr_par' dir='ltr' id='par_1_15' title="bbox 83 2584 1843 3051">
     <span class='ocr_line' id='line_1_28' title="bbox 200 2584 1841 2640; baseline -0.003 -11"><span class='ocrx_word' id='word_1_170' title='bbox 200 2585 397 2640; x_wconf 85' lang='lat' dir='ltr'>Capitula</span> <span class='ocrx_word' id='word_1_171' title='bbox 433 2599 668 2629; x_wconf 87' lang='lat' dir='ltr'>numerosa</span> <span class='ocrx_word' id='word_1_172' title='bbox 706 2588 752 2629; x_wconf 94' lang='lat' dir='ltr'>in</span> <span class='ocrx_word' id='word_1_173' title='bbox 779 2587 1066 2640; x_wconf 79' lang='lat' dir='ltr'>glomeruluni</span> <span class='ocrx_word' id='word_1_174' title='bbox 1106 2586 1329 2639; x_wconf 83' lang='lat' dir='ltr'>globosum</span> <span class='ocrx_word' id='word_1_175' title='bbox 1372 2585 1506 2627; x_wconf 87' lang='lat' dir='ltr'>deuse</span> <span class='ocrx_word' id='word_1_176' title='bbox 1542 2587 1770 2637; x_wconf 83' lang='lat' dir='ltr'>aggregata</span> <span class='ocrx_word' id='word_1_177' title='bbox 1794 2584 1841 2625; x_wconf 93' lang='lat' dir='ltr'>in</span> 
     </span>
     <span class='ocr_line' id='line_1_29' title="bbox 140 2642 1841 2699; baseline -0.002 -13"><span class='ocrx_word' id='word_1_178' title='bbox 140 2646 414 2699; x_wconf 83' lang='lat' dir='ltr'>receptaculo</span> <span class='ocrx_word' id='word_1_179' title='bbox 449 2646 669 2688; x_wconf 86' lang='lat' dir='ltr'>communi</span> <span class='ocrx_word' id='word_1_180' title='bbox 708 2646 891 2697; x_wconf 75' lang='lat' dir='ltr'>sessilia,</span> <span class='ocrx_word' id='word_1_181' title='bbox 933 2645 1160 2688; x_wconf 84' lang='lat' dir='ltr'>involucro</span> <span class='ocrx_word' id='word_1_182' title='bbox 1199 2645 1414 2699; x_wconf 77' lang='lat' dir='ltr'>communi</span> <span class='ocrx_word' id='word_1_183' title='bbox 1452 2643 1616 2684; x_wconf 76' lang='lat' dir='ltr'>reflexo</span> <span class='ocrx_word' id='word_1_184' title='bbox 1639 2642 1841 2696; x_wconf 87' lang='lat' dir='ltr'>capitulis</span> 
     </span>
     <span class='ocr_line' id='line_1_30' title="bbox 83 2701 1841 2759; baseline -0.003 -13"><span class='ocrx_word' id='word_1_185' title='bbox 83 2705 85 2707; x_wconf 76' lang='grc'><strong>’</strong></span> <span class='ocrx_word' id='word_1_186' title='bbox 137 2703 394 2747; x_wconf 80' lang='lat' dir='ltr'>abscondito</span> <span class='ocrx_word' id='word_1_187' title='bbox 436 2704 597 2759; x_wconf 85' lang='lat' dir='ltr'>phyllis</span> <span class='ocrx_word' id='word_1_188' title='bbox 635 2705 784 2759; x_wconf 83' lang='lat' dir='ltr'>paucis</span> <span class='ocrx_word' id='word_1_189' title='bbox 822 2706 890 2747; x_wconf 90' lang='lat' dir='ltr'>vel</span> <span class='ocrx_word' id='word_1_190' title='bbox 918 2705 1023 2746; x_wconf 77' lang='lat' dir='ltr'>setis</span> <span class='ocrx_word' id='word_1_191' title='bbox 1061 2704 1274 2746; x_wconf 74' lang='lat' dir='ltr'>constanti</span> <span class='ocrx_word' id='word_1_192' title='bbox 1318 2703 1509 2745; x_wconf 78' lang='lat' dir='ltr'>suffulta.</span> <span class='ocrx_word' id='word_1_193' title='bbox 1559 2701 1841 2743; x_wconf 83' lang='lat' dir='ltr'>luvolucrum</span> 
     </span>
     <span class='ocr_line' id='line_1_31' title="bbox 140 2759 1843 2818; baseline -0.002 -14"><span class='ocrx_word' id='word_1_194' title='bbox 140 2762 326 2816; x_wconf 83' lang='lat' dir='ltr'>partiale</span> <span class='ocrx_word' id='word_1_195' title='bbox 352 2764 529 2817; x_wconf 88' lang='lat' dir='ltr'>capituli</span> <span class='ocrx_word' id='word_1_196' title='bbox 552 2764 713 2817; x_wconf 84' lang='lat' dir='ltr'>phyllis</span> <span class='ocrx_word' id='word_1_197' title='bbox 734 2764 1029 2818; x_wconf 81' lang='lat' dir='ltr'>pluriseriatis</span> <span class='ocrx_word' id='word_1_198' title='bbox 1054 2767 1270 2811; x_wconf 83' lang='lat' dir='ltr'>constans,</span> <span class='ocrx_word' id='word_1_199' title='bbox 1293 2761 1585 2803; x_wconf 83' lang='lat' dir='ltr'>exterioribus</span> <span class='ocrx_word' id='word_1_200' title='bbox 1611 2759 1843 2802; x_wconf 77' lang='lat' dir='ltr'>setis-onni-</span> 
     </span>
     <span class='ocr_line' id='line_1_32' title="bbox 142 2818 1843 2876; baseline -0.002 -13"><span class='ocrx_word' id='word_1_201' title='bbox 142 2819 225 2863; x_wconf 89' lang='lat' dir='ltr'>hus</span> <span class='ocrx_word' id='word_1_202' title='bbox 247 2822 439 2876; x_wconf 88' lang='lat' dir='ltr'>pinnatis</span> <span class='ocrx_word' id='word_1_203' title='bbox 455 2822 705 2876; x_wconf 82' lang='lat' dir='ltr'>penicillum</span> <span class='ocrx_word' id='word_1_204' title='bbox 732 2822 1113 2870; x_wconf 77' lang='lat' dir='ltr'>constituentibus,</span> <span class='ocrx_word' id='word_1_205' title='bbox 1125 2822 1293 2863; x_wconf 78' lang='lat' dir='ltr'>caeteris</span> <span class='ocrx_word' id='word_1_206' title='bbox 1307 2821 1360 2862; x_wconf 89' lang='lat' dir='ltr'>ab</span> <span class='ocrx_word' id='word_1_207' title='bbox 1379 2819 1552 2861; x_wconf 85' lang='lat' dir='ltr'>extimis</span> <span class='ocrx_word' id='word_1_208' title='bbox 1571 2832 1593 2860; x_wconf 87' lang='lat' dir='ltr'>a</span> <span class='ocrx_word' id='word_1_209' title='bbox 1613 2819 1702 2860; x_wconf 90' lang='lat' dir='ltr'>basi</span> <span class='ocrx_word' id='word_1_210' title='bbox 1722 2818 1843 2860; x_wconf 86' lang='lat' dir='ltr'>tenui</span> 
     </span>
     <span class='ocr_line' id='line_1_33' title="bbox 140 2868 1842 2935; baseline -0.002 -14"><span class='ocrx_word' id='word_1_211' title='bbox 140 2881 305 2934; x_wconf 76' lang='lat' dir='ltr'>saepius</span> <span class='ocrx_word' id='word_1_212' title='bbox 332 2881 528 2935; x_wconf 88' lang='lat' dir='ltr'>pinnato·</span> <span class='ocrx_word' id='word_1_213' title='bbox 536 2881 677 2924; x_wconf 81' lang='lat' dir='ltr'>ciliata</span> <span class='ocrx_word' id='word_1_214' title='bbox 702 2882 868 2924; x_wconf 88' lang='lat' dir='ltr'>minute</span> <span class='ocrx_word' id='word_1_215' title='bbox 906 2881 1164 2935; x_wconf 40' lang='grc' dir='ltr'>5μωιῐῑω13ῑί5</span> <span class='ocrx_word' id='word_1_216' title='bbox 1200 2880 1253 2920; x_wconf 82' lang='lat' dir='ltr'>ad</span> <span class='ocrx_word' id='word_1_217' title='bbox 1293 2879 1501 2920; x_wconf 83' lang='lat' dir='ltr'>interiora</span> <span class='ocrx_word' id='word_1_218' title='bbox 1538 2868 1739 2919; x_wconf 83' lang='lat' dir='ltr'>subulato</span> <span class='ocrx_word' id='word_1_219' title='bbox 1774 2878 1842 2918; x_wconf 90' lang='lat' dir='ltr'>vel</span> 
     </span>
     <span class='ocr_line' id='line_1_34' title="bbox 138 2936 1838 2992; baseline -0.002 -12"><span class='ocrx_word' id='word_1_220' title='bbox 138 2943 562 2983; x_wconf 79' lang='lat' dir='ltr'>aceroso-attenuata</span> <span class='ocrx_word' id='word_1_221' title='bbox 587 2942 750 2982; x_wconf 83' lang='lat' dir='ltr'>sensim</span> <span class='ocrx_word' id='word_1_222' title='bbox 772 2941 996 2992; x_wconf 82' lang='lat' dir='ltr'>elongatis,</span> <span class='ocrx_word' id='word_1_223' title='bbox 1012 2939 1189 2981; x_wconf 84' lang='lat' dir='ltr'>intimis</span> <span class='ocrx_word' id='word_1_224' title='bbox 1195 2938 1343 2980; x_wconf 70' lang='lat' dir='ltr'>libetis</span> <span class='ocrx_word' id='word_1_225' title='bbox 1367 2936 1435 2978; x_wconf 88' lang='lat' dir='ltr'>vel</span> <span class='ocrx_word' id='word_1_226' title='bbox 1456 2937 1572 2977; x_wconf 85' lang='lat' dir='ltr'>inter</span> <span class='ocrx_word' id='word_1_227' title='bbox 1586 2948 1632 2978; x_wconf 91' lang='lat' dir='ltr'>se</span> <span class='ocrx_word' id='word_1_228' title='bbox 1655 2936 1838 2977; x_wconf 79' lang='lat' dir='ltr'>coalitis.</span> 
     </span>
     <span class='ocr_line' id='line_1_35' title="bbox 140 2994 1843 3051; baseline -0.002 -13"><span class='ocrx_word' id='word_1_229' title='bbox 140 2994 314 3040; x_wconf 82' lang='lat' dir='ltr'>Corolla</span> <span class='ocrx_word' id='word_1_230' title='bbox 334 2999 550 3050; x_wconf 80' lang='lat' dir='ltr'>regularis</span> <span class='ocrx_word' id='word_1_231' title='bbox 569 2999 672 3042; x_wconf 89' lang='lat' dir='ltr'>tubo</span> <span class='ocrx_word' id='word_1_232' title='bbox 696 3000 829 3047; x_wconf 77' lang='lat' dir='ltr'>tenui,</span> <span class='ocrx_word' id='word_1_233' title='bbox 843 2998 972 3040; x_wconf 81' lang='lat' dir='ltr'>limbo</span> <span class='ocrx_word' id='word_1_234' title='bbox 998 2998 1270 3051; x_wconf 85' lang='lat' dir='ltr'>cylindraceo</span> <span class='ocrx_word' id='word_1_235' title='bbox 1288 2996 1656 3050; x_wconf 80' lang='lat' dir='ltr'>quinquepartito.</span> <span class='ocrx_word' id='word_1_236' title='bbox 1677 2994 1843 3036; x_wconf 79' lang='lat' dir='ltr'>Anthe-</span> 
     </span>
    </p>
   </div>
  </div>
 </body>
</html>
