2095 3206
199 205 270 242 104
907 209 1191 236 VALERIANEAE.
1615 198 1897 238 Valerz'anella.

246 285 502 333 Semipedalis
518 286 555 320 et
568 283 717 326 elatior,
735 282 831 318 folia
849 283 905 318 eis
937 280 973 316 V.
991 281 1155 316 olz'torz’oe
1174 279 1341 324 minora,
1359 289 1485 324 cymfe
1503 279 1711 314 fructiferae
1730 280 1817 326 piso
1831 280 1903 316 vix

196 335 366 380 majores
382 333 602 378 compactae.
617 332 651 366 A
682 329 717 365 V.
736 326 893 365 οῖίέονὶᾶ
911 328 1016 363 affini
1034 328 1160 362 fructu
1176 327 1317 373 maJ‘ori
1335 326 1478 362 eximie
1497 326 1705 373 papffloso,
1733 327 1898 373 pericar-

225 382 262 417 io
279 381 452 426 undique
475 381 511 414 et
529 379 630 413 inter
640 377 792 413 loculos
809 386 878 411 nec
899 378 1051 410 tantum
1066 375 1115 409 ad
1134 374 1297 409 dorsum
1309 372 1430 409 loculi
1445 372 1591 408 sterilis
1606 373 1901 419 fungoso,locu-

216 438 329 464 orum
348 426 606 474 proportione,
631 423 828 460 denticulo
847 422 1047 458 terminali
1069 420 1193 465 nullo,
1212 420 1405 455 distincta.

260 554 327 594 ΞΟ.
353 551 413 593 V.
437 549 676 593 olitoria
699 547 869 602 (Willd.
900 546 972 601 Sp.
994 546 1025 593 Ι,
1054 558 1093 599 p.
1121 546 1218 597 182,
1248 545 1329 587 sub
1364 542 1615 598 Valeriana)
1662 545 1782 586 caule
1805 546 1902 599 plu-

198 612 286 654 ries
309 611 549 652 dicbotomo
573 608 625 649 ad
644 606 824 659 angulos
849 610 1091 648 retrorsum
1117 604 1347 657 puhel-ulo,
1371 602 1484 644 foliis
1504 602 1705 646 ciliatulis
1728 604 1902 647 inferio-

198 670 322 712 ribus
347 665 810 720 oblongo-spathulatis
827 665 1008 717 integris
1022 662 1327 716 superioribus
1354 661 1444 704 basi
1472 673 1588 715 saepe
1612 661 1909 717 denticulatis„

201 728 336 781 cymis
366 726 512 767 densis
547 725 701 777 planis,
716 723 900 765 bracteis
930 721 1367 774 lineari-spathulatis
1383 720 1551 762 fructus
1577 721 1909 775 superantibus,.

200 786 381 828 ramulis
409 797 493 826 non
530 783 796 832 incrassatis,
832 783 973 824 fructu
1022 781 1201 823 deciduo
1249 778 1636 823 ovato-orbiculari
1665 779 1903 822 lateraliter

200 856 449 898 compresso
474 845 526 885 ad
556 846 784 895 utramque
812 841 962 883 faciem
987 840 1184 882 histriato
1214 839 1352 881 antice
1379 841 1421 882 et
1448 838 1782 891 posticeleviter
1811 839 1903 880 uni-

201 903 366 953 striato,
387 903 511 945 loculi
534 901 686 942 fertilis
700 899 852 954 postici
873 899 1116 954 pericarpio
1142 898 1323 950 fungoso
1339 898 1522 950 anguste
1541 896 1718 950 gibboso
1736 897 1781 938 in
1798 898 1903 940 ‹len-

201 962 382 1004 ticulum
411 960 723 1003 brevissimum
743 958 1017 1001 terminalem
1047 956 1237 1003 abeunti,
1265 956 1417 999 loculis
1440 954 1665 997 sterilibus
1690 956 1902 1009 contiguis

200 1019 443 1076 perlem-plo
471 1019 591 1061 tenui
612 1021 654 1060 et
669 1019 792 1072 septo
818 1017 1031 1069 pellucido
1047 1015 1230 1057 evanido
1252 1012 1594 1067 circumscriptis
1615 1014 1749 1056 fertili
1772 1016 1903 1068 majo-

198 1080 322 1122 ribus
348 1078 466 1133 apice
494 1077 666 1120 muticis
694 1083 758 1126 [9.
799 1074 839 1115 V.
868 1074 1043 1117 olitoria
1070 1074 1174 1116 Poll.
1206 1074 1296 1116 Pal.
1324 1073 1358 1124 Ι,
1389 1074 1456 1115 30.
1482 1096 1541 1103 —-
1564 1073 1619 1114 lc.
1641 1073 1775 1115 Rchb.
1810 1074 1901 1115 121.

201 1162 257 1168 -—
283 1139 403 1180 Krok
428 1137 482 1179 Ic.
514 1135 582 1178 IV.
604 1136 671 1188 fig.
695 1136 764 1176 40.
792 1158 849 1164 —
883 1134 1104 1177 Wocusta
1131 1145 1222 1175 var.
1248 1131 1424 1174 olitoria
1449 1131 1494 1173 L.
1520 1131 1593 1186 Sp.
1622 1133 1691 1172 47.

248 1211 349 1246 Hah.
381 1212 419 1246 in
450 1210 564 1245 cultis
595 1212 632 1245 et
653 1208 823 1244 collibus
853 1207 1016 1243 Graeciae
1048 1209 1084 1242 et
1105 1206 1328 1241 insularum
1357 1204 1516 1250 (Sibth.‚
1538 1204 1746 1251 Bory.)‚in
1772 1205 1902 1241 arenis

200 1259 409 1294 maritimis
445 1259 585 1292 insulae
618 1255 828 1301 Prinkipos
862 1255 910 1289 ad
951 1254 1185 1300 Byzantium
1215 1252 1403 1296 (Griseb.)
1422 1255 1459 1287 et
1494 1252 1603 1287 urbis
1636 1252 1754 1287 Rhize
1789 1252 1905 1288 Ponti

201 1306 326 1341 Lazici
348 1305 487 1349 (Ball),
518 1304 714 1339 Armeniae
750 1303 799 1337 ad
832 1300 1122 1337 Gumuchkane
1152 1300 1350 1345 (Bourgl),
1385 1299 1541 1335 Tauriae
1561 1300 1598 1334 et
1627 1309 1740 1345 prov.
1768 1299 1834 1334 Cis
1868 1301 1906 1335 et

201 1352 618 1388 Transcaucasicarum
634 1349 821 1395 (Ledeb.).

260 1426 304 1479 β.
333 1425 593 1475 lassatur-pa.
613 1424 799 1465 Fructus
826 1421 1129 1475 pubescentes.

249 1500 348 1535 Hah.
366 1500 405 1534 in
424 1497 732 1534 Transcaucasia
749 1496 931 1540 [Nordm.
951 1506 999 1530 ex
1018 1493 1158 1530 Ledeb.

247 1565 306 1599 Ar.
329 1564 462 1608 Geoqr.
491 1562 648 1607 Europa
666 1563 750 1595 tota
770 1570 793 1594 a
810 1558 1070 1595 Scandinavia
1085 1556 1224 1592 merid.
1245 1556 1295 1592 ad
1319 1555 1501 1592 Rossiam
1537 1555 1750 1597 borealem,
1774 1556 1908 1592 Africa

202 1611 382 1655 borealis⁷
397 1609 537 1645 insulae
556 1607 824 1650 Canai-tenses,
841 1606 1024 1650 Azoricae,
1044 1604 1218 1639 Madera.

263 1736 328 1776 ⁹21.
363 1734 424 1776 V.
458 1734 691 1776 costata
729 1729 871 1785 (Stev.
899 1731 1000 1773 Obs.
1025 1730 1081 1784 pl.
1108 1730 1234 1771 Ross.
1269 1741 1307 1782 p.
1333 1727 1418 1768 344
1455 1727 1537 1770 sub
1564 1726 1717 1782 Fedz'ci)
1756 1726 1906 1780 glabra

202 1794 380 1849 pumila,
397 1793 517 1833 caule
539 1792 659 1834 tenui
686 1790 955 1832 divaricalim
983 1789 1238 1840 dichotomo,
1275 1786 1387 1828 foliis
1414 1786 1595 1838 integris
1622 1785 1905 1827 inferioribus

203 1852 460 1906 spatliulatis
481 1849 751 1892 intermediis
779 1847 1234 1902 oblongo-linearibus,
1262 1845 1397 1898 cymis
1421 1845 1619 1899 capitatis
1637 1844 1909 1899 paueissoris,

200 1912 382 1954 ramulis
406 1922 491 1951 nou
517 1908 780 1959 incrassatis,
805 1906 994 1949 bracteis
1019 1903 1465 1958 oblongo-linearibus
1488 1906 1671 1956 anguste
1690 1903 1906 1945 membra-

202 1971 359 2012 naceis.
383 1967 592 2011 fructibus
615 1968 695 2009 cito
721 1966 914 2008 deciduis
938 1965 1101 2017 glabris
1129 1978 1153 2006 a
1187 1964 1323 2006 latere
1350 1963 1615 2016 compressis
1648 1961 1901 2004 orbiculatis

200 2029 374 2071 muticis
402 2027 452 2069 ad
478 2027 604 2068 facies
627 2025 840 2078 profunde
855 2023 1066 2066 histriatis
1091 2024 1229 2065 autice
1259 2026 1300 2065 et
1322 2021 1487 2076 postice
1516 2021 1772 2073 unistriatis,
1792 2020 1906 2074 peri-

202 2089 346 2142 carpio
375 2087 426 2129 ad
451 2097 600 2126 omnes
622 2087 762 2126 costas
788 2084 966 2136 l'ungoso
993 2083 1047 2125 ad
1069 2081 1199 2124 loculi
1217 2081 1372 2124 fertilis
1397 2080 1550 2134 postici
1577 2080 1758 2122 dorsum
1777 2078 1901 2121 latis-

201 2148 309 2190 sime
351 2146 543 2199 giblmso,
578 2143 728 2185 loculis
771 2142 995 2184 sterilibus
1039 2144 1161 2195 septo
1200 2152 1315 2194 saepe
1354 2151 1501 2181 crasso
1536 2138 1745 2193 sejunctis
1772 2136 1906 2180 fertili

200 2205 455 2258 triangulari
484 2201 781 2255 subaequilatis
798 2204 861 2250 Θ.
879 2200 1065 2242 lc.K1·ok
1092 2203 1121 2242 t.
1142 2199 1211 2252 IV,
1239 2200 1307 2252 fig.
1333 2199 1401 2240 42.
1426 2221 1477 2228 -—
1514 2197 1555 2240 V.
1573 2196 1754 2249 piboosa
1772 2195 1903 2239 Guss.

200 2265 262 2307 Fl.
289 2264 368 2307 Sic.
390 2263 518 2305 Prod.
544 2261 574 2311 Ι,
602 2274 639 2313 p.
671 2261 739 2301 028.
758 2258 992 2300 subFecle'a'
1019 2262 1085 2301 est
1109 2259 1245 2301 forma
1271 2269 1549 2311 macrocarpa
1576 2255 1771 2310 ejusdem
1807 2266 1906 2309 spe·

201 2324 278 2367 cici
307 2324 348 2365 in
377 2322 512 2364 Italia.
537 2319 693 2366 Sicilia,
718 2318 859 2359 Africa
879 2318 1306 2359 borealioccurrens.

249 2396 398 2431 Hab.iu
412 2394 537 2429 vineis
547 2392 700 2428 Tauria)
716 2390 763 2425 ad
783 2390 916 2425 Sudak
931 2390 1083 2434 (Stevl),
1098 2390 1237 2424 Atlio-e
1258 2389 1297 2424 in
1316 2388 1517 2424 cacumine
1528 2386 1712 2423 Pentelici
1723 2385 1912 2431 (Heldrl)‚.

202 2442 449 2488 Pamphyliae
469 2442 508 2475 in
537 2439 709 2475 herbidis
726 2438 824 2473 circa
839 2437 981 2472 Adalia
994 2437 1194 2481 (Bourgl).
1892 2433 1894 2435 ’

251 2506 384 2541 Facies
417 2503 453 2539 V.
473 2503 636 2539 olitorz'ae
654 2501 722 2536 sed
742 2500 903 2547 pumila‚
922 2501 1070 2535 fructus
1089 2498 1329 2535 orbiculares
1348 2497 1484 2533 mutici
1500 2495 1733 2543 profundius
1764 2494 1908 2530 sulcati

203 2553 252 2589 ad
271 2553 432 2588 dorsum
451 2551 569 2585 latius
588 2548 754 2593 gibbosi,
776 2547 990 2594 pericarpio
1012 2546 1129 2582 etiam
1152 2546 1202 2581 ad
1220 2548 1347 2581 costas
1368 2544 1590 2580 loculorum
1608 2542 1801 2579 sterilium
1820 2542 1911 2576 fun-

203 2610 308 2645 goso.
328 2601 360 2634 A
403 2597 439 2632 V.
458 2594 637 2643 capitata
672 2596 797 2630 fructu
834 2594 997 2629 dimidio
1031 2594 1174 2629 minori
1204 2593 1343 2638 glabro
1378 2591 1542 2628 deciduo
1562 2590 1693 2626 minus
1725 2589 1909 2633 fungoso,

201 2647 366 2682 ramulis
386 2644 591 2681 fructiferis
611 2654 689 2678 non
708 2641 937 2677 incrassatis
956 2641 1115 2686 longius
1131 2640 1262 2676 distat.

249 2711 313 2746 Ar.
343 2710 473 2754 Geoqr.
501 2708 611 2743 ltalia
629 2706 770 2749 media,
790 2707 942 2741 montes
961 2704 1115 2747 Siciliae,
1135 2703 1303 2749 Algeriae
1318 2702 1359 2737 in
1375 2701 1545 2738 Atlante.

776 2837 799 2891 g
825 2839 861 2879 5.
911 2835 1335 2892 Siphonocaele.

269 2965 335 3004 0202.
369 2963 429 3005 V.
475 2962 847 3016 microcarpa
887 2960 1062 3016 (Loisel.
1089 2961 1185 3004 Not.
1214 2973 1253 3015 p.
1284 2960 1387 3014 151)
1422 2958 1570 3013 glabra
1594 2957 1664 3001 vel
1690 2956 1744 3001 ad
1769 2954 1911 2999 caulis
