2090 3291
259 203 331 240 612
995 210 1243 238 composrrAE.
1699 201 1962 251 Stz'zolophus.

373 364 719 413 STlZOLOPHUS
746 363 879 425 (Cass.
903 363 1005 413 niet.
1025 364 1099 423 44,
1126 379 1165 427 p.
1202 365 1273 422 36,
1301 370 1341 414 et
1366 365 1437 423 51,
1466 380 1503 428 p.
1532 367 1591 415 49
1618 381 1664 416 ex
1693 369 1846 429 parte).

322 510 570 566 Capitulum
612 510 955 562 heterogamum.
997 511 1278 566 Receptaculi
1315 511 1461 566 phylla
1502 512 1694 556 scariosa
1726 513 1966 557 imbricata.

263 569 602 625 Receptaculum
633 573 841 612 setosum.
868 569 1077 612 Antherae
1107 570 1368 614 brevissime
1400 572 1604 614 caudatae.
1632 572 1825 614 Achenia
1859 572 1968 615 radii

259 629 380 673 calva
423 630 581 671 caetera
622 639 829 683 papposa‚
856 628 943 671 hilo
982 630 1166 682 laterali,
1201 629 1387 673 umbone
1429 630 1649 673 terminali
1690 631 1966 686 subobliquo.

261 689 438 743 Pappus
477 688 772 730 brevissimus
815 687 1134 741 pauciseriatus
1182 687 1372 731 caducus
1420 689 1601 744 paleolis
1649 690 1862 744 plumosis
1915 690 1968 733 ab

259 748 456 790 externis
505 746 558 789 ad
608 747 763 789 intima
811 747 962 790 auctis.
994 771 1051 777 ——
1102 747 1249 790 Herba
1294 761 1452 790 annua.
1494 773 1551 777 —
1598 747 1749 792 ‘lenus
1792 750 1966 793 charac-

258 806 430 848 teribus
459 805 588 848 affine
615 804 842 858 Pseplcello
870 806 944 848 sed
973 807 1025 849 ab
1049 818 1099 849 eo
1126 807 1247 854 facie,
1274 807 1464 850 acheniis
1491 808 1806 861 marginalibus
1836 807 1968 851 calvis

260 869 302 907 et
328 877 472 919 pappo
496 864 783 919 subplumoso
806 865 1180 920 distinguendum.

320 1003 357 1043 1.
392 1000 441 1044 S.
469 1000 940 1056 coronopifolius
978 1000 1117 1056 (Lam.
1160 1001 1269 1044 Dict.
1307 1001 1338 1045 I.
1376 1015 1418 1056 p.
1453 1002 1539 1044 660
1579 1001 1661 1044 sub
1704 1000 1968 1056 Centaured)

260 1072 437 1103 annuus
465 1059 744 1102 scabridulus
767 1060 927 1115 pallide
953 1060 1118 1114 virens,
1133 1061 1255 1103 caule
1280 1060 1392 1103 elato
1418 1072 1591 1103 ramoso
1615 1060 1839 1114 ramisque
1863 1059 1968 1102 albi-

262 1119 328 1162 dis
345 1119 548 1173 rigidulis
571 1119 766 1162 tenuiter
788 1120 968 1173 virgatis
990 1119 1216 1173 elongatis,
1232 1119 1345 1163 foliis
1370 1119 1654 1163 inferioribus
1678 1120 1723 1162 in
1746 1122 1968 1173 segmenta

258 1180 442 1232 oblonga
464 1178 557 1220 basi
583 1190 697 1233 saepe
724 1179 1017 1234 subpetiolata
1039 1178 1226 1222 indivisa
1251 1180 1322 1222 vel
1342 1179 1433 1222 basi
1465 1179 1755 1222 1-2-laciniata
1780 1178 1968 1232 pinnati-

259 1237 390 1280 sectis
430 1236 697 1291 sublyratis‚
733 1239 915 1281 caulinis
945 1237 1414 1291 oblongo-lanceolatis
1444 1241 1486 1281 et
1519 1237 1966 1291 oblongo-linearibus

256 1297 440 1350 integris
475 1297 595 1351 apice
633 1297 873 1351 spinulosis
908 1299 1091 1341 summis
1121 1296 1548 1352 squamaeformibus‚
1575 1297 1776 1351 capitulis
1804 1295 1967 1338 medio-

256 1355 406 1398 cribus
433 1356 759 1407 ovato-conicis‚
788 1356 1001 1399 involucri
1036 1356 1196 1411 phyllis
1228 1356 1402 1399 flavidis
1432 1356 1595 1399 sensim
1625 1357 1668 1398 in
1703 1355 1967 1411 appendices

258 1415 522 1458 lanceolatas
548 1415 783 1469 adpressas
812 1416 936 1468 louge
963 1419 1006 1458 et
1028 1416 1280 1471 pectinatim
1313 1416 1478 1459 ciliatas
1511 1416 1553 1457 iu
1589 1415 1757 1470 spinam
1789 1418 1964 1457 tenuem

259 1474 370 1516 ciliis
409 1474 539 1529 triplo
580 1475 817 1529 longiorem
858 1478 1103 1518 attenuatas
1145 1475 1434 1529 abeuntibus,
1474 1475 1667 1518 flosculis
1705 1474 1838 1517 luteis
1881 1485 1966 1516 non

260 1532 555 1585 radiantibus,
600 1534 729 1589 pappi
769 1534 875 1576 setis
907 1535 1118 1588 plumosis
1158 1534 1338 1578 achenio
1377 1534 1625 1589 quadruplo
1666 1532 1966 1585 brevioribus,

261 1592 452 1635 aclieniis
479 1592 587 1635 radii
615 1594 750 1635 calvis
776 1597 840 1643 Θ.
868 1592 1149 1646 Stizoloplcus
1172 1592 1526 1646 eoronopvfolz'us
1548 1593 1666 1636 Cass.
1694 1593 1769 1636 loc.
1793 1593 1862 1634 cit.

307 1667 410 1703 Hab.
432 1668 472 1703 in
495 1667 666 1704 collibus
686 1668 822 1703 Iberiae
841 1667 1042 1704 orientalis
1060 1667 1187 1713 (M.B.‚
1206 1668 1398 1713 Hohenl).

305 1731 444 1767 Planta
465 1731 549 1767 2-4-
581 1731 717 1776 edalis‚
737 1732 851 1767 facies
875 1730 978 1768 Cent.
996 1730 1232 1768 Balsamitm
1250 1734 1287 1767 et
1307 1731 1538 1778 phyllorum
1556 1731 1703 1768 fabrica
1720 1732 1798 1768 fere
1816 1730 1967 1775 eadem,

254 1778 321 1813 sed
350 1779 479 1814 differt
507 1780 544 1815 fo
564 1780 612 1814 iis
637 1779 877 1815 radicalibus
907 1780 1033 1823 sectis,
1064 1779 1248 1825 capitulis
1279 1779 1509 1822 minoribus,
1531 1782 1567 1815 et
1585 1779 1803 1826 praesertim
1836 1789 1967 1826 pappo

254 1825 492 1862 brevissimo
513 1827 703 1863 conformi
722 1827 871 1862 caduco
892 1827 943 1862 ab
964 1830 1008 1863 ea
1028 1826 1144 1873 longe
1166 1826 1339 1862 discedit.

635 1973 955 2023 AcitoPTnbN
992 1975 1121 2033 (Cass.
1151 1974 1253 2023 niu.
1282 1974 1355 2029 50,
1388 1989 1426 2036 p.
1455 1974 1572 2037 ⁴64).

314 2120 560 2174 Capitulum
599 2120 903 2173 homogamum
937 2121 1055 2175 pluri
1094 2124 1137 2163 et
1177 2120 1512 2175 aequaliflorum.
1558 2120 1777 2164 Involucri
1819 2120 1963 2176 phylla

254 2180 480 2222 imbricata
509 2179 718 2222 herbacea
748 2180 1326 2234 late,scarioso-niarginata.
1360 2180 1696 2235 Receptaculum
1723 2180 1960 2223 setiferum.

254 2239 462 2282 Antherae
500 2239 594 2281 basi
629 2238 779 2281 caudis
817 2238 1010 2281 breviter
1043 2239 1259 2282 subulatis
1293 2239 1474 2293 integris
1508 2239 1672 2282 obsitae.
1710 2239 1818 2294 Styli
1854 2240 1963 2282 rami

254 2298 520 2351 glaberrimi.
556 2298 748 2340 Achenia
786 2297 967 2341 obovata
1003 2309 1160 2340 cornea
1200 2299 1319 2353 apice
1353 2299 1584 2342 rotundata
1613 2299 1831 2342 exteriora
1861 2298 1964 2341 sub-

252 2359 433 2410 sungosa
458 2356 699 2399 substriata
723 2356 810 2399 hilo
827 2357 1080 2400 sublaterali
1116 2357 1250 2411 Pappi
1272 2357 1547 2400 caducissimi
1571 2361 1674 2400 setae
1697 2359 1750 2400 ab
1769 2357 1963 2400 externis

254 2416 530 2459 brevissimis
557 2416 773 2459 scabridis
794 2416 847 2459 ad
868 2418 1065 2460 internas
1089 2417 1312 2471 paleaceas
1340 2416 1516 2459 latiores
1540 2421 1580 2458 et
1601 2417 1816 2471 longiores
1843 2417 1963 2472 apice

254 2476 476 2528 plumosas
506 2475 667 2518 sensim
694 2478 843 2518 auctae.
863 2500 912 2505 —
940 2474 1086 2518 Herba
1106 2476 1312 2530 perennis
1329 2475 1436 2519 facie
1462 2475 1791 2519 Centaureoe.—
1811 2475 1961 2518 Genus

252 2538 414 2588 praelcr
429 2534 559 2589 pappi
584 2534 857 2577 characteres
873 2538 914 2577 et
933 2535 1229 2590 pericarpium
1251 2535 1409 2578 durum
1437 2534 1488 2577 ab
1513 2535 1718 2577 affinibus
1741 2536 1813 2589 (cl.
1833 2535 1960 2578 Jaub.

255 2597 297 2635 et
323 2593 461 2647 Spacli
489 2593 850 2649 observantibus]
879 2594 1096 2648 stigmatis
1117 2594 1252 2636 ramis
1270 2594 1548 2648 glaberrimis
1574 2594 1841 2637 distinctum.

316 2736 351 2775 1.
381 2734 441 2776 A.
459 2734 651 2777 Pieris
671 2734 782 2788 (Pall
825 2735 869 2776 in
896 2734 1044 2776 Willd.
1072 2734 1145 2788 ΙΙΙ,
1166 2748 1205 2789 p.
1227 2735 1339 2776 2302
1365 2734 1447 2777 sub
1471 2733 1734 2790 Centaurcd)
1756 2734 1960 2778 floccoso·

250 2794 549 2836 tomentellum
565 2792 631 2834 vel
646 2793 896 2837 scabridum
909 2805 1144 2837 canescens
1172 2793 1240 2836 vel
1254 2794 1415 2849 pallide
1429 2794 1591 2844 virens,
1609 2793 1752 2836 radice
1767 2796 1960 2848 repente,

249 2851 447 2895 caulibus
491 2852 694 2906 pluribus
723 2853 881 2895 erectis
920 2853 1102 2906 virgatis
1136 2853 1225 2896 sere
1261 2867 1285 2896 a
1325 2852 1417 2895 basi
1457 2853 1606 2895 stricte
1646 2852 1959 2896 ramosissimis

248 2911 519 2964 corymbosis
561 2912 782 2966 ramisque
819 2912 1030 2965 elongatis
1065 2912 1388 2967 monocephalis
1430 2912 1584 2954 crebre
1624 2911 1804 2966 foliosis,
1843 2911 1958 2954 soliis

248 2971 411 3012 strictis
450 2970 679 3013 sessilibus
713 2971 995 3014 inferioribus
1028 2972 1224 3025 oblongis
1252 2971 1320 3014 vel
1355 2971 1784 3014 lineari-lanceolatis
1820 2971 1959 3014 acutis
