2095 3276
209 214 283 252 294
944 222 1192 249 composrmz.
1688 213 1911 250 Anthemis.

260 293 468 334 malatina,
503 293 700 330 involucri
728 291 882 340 phyllts
911 291 1271 338 fusco-marginatis
1295 302 1320 327 a
1345 291 1606 327 varietatibus
1628 291 1839 329 discoideis
1863 294 1916 329 A.

213 345 416 383 montanae
432 340 573 376 differt.

273 460 343 501 29.
369 459 432 503 A.
463 456 879 501 absinthifolia
919 457 1084 512 (Boiss.
1125 456 1278 510 Diagn.
1325 456 1418 499 Ser.
1445 457 1477 508 l,
1506 457 1547 510 4,
1576 469 1616 510 p.
1645 457 1686 509 8,
1712 468 1766 499 ex
1790 460 1914 510 parte

211 521 255 560 et
278 517 374 560 Ser.
401 517 456 571 II,
484 517 524 567 3,
548 529 589 570 p.
622 515 709 571 ι25)
740 516 950 571 adpresse
988 516 1294 568 sericeo-cana,
1332 515 1531 558 caulibus
1570 515 1682 557 infra
1720 516 1915 558 rosulam

212 576 413 621 sessilem
445 575 784 618 ascendentibus
811 574 1020 629 elongatis
1046 574 1316 629 simplicibus
1341 578 1384 618 et
1409 574 1571 624 bifidis,
1606 574 1719 617 foliis
1749 575 1917 617 radica-

212 635 328 678 libus
350 635 569 690 petiolatis
605 634 771 677 ambitu
798 634 936 677 ovatis
960 634 1005 676 in
1026 634 1203 676 lacinias
1226 634 1384 676 breves
1420 632 1674 676 latiusculas
1699 632 1910 687 oblongas

210 694 506 737 acutiusculas
530 692 990 747 subtripinnatisectis.
1021 693 1293 735 caulinorum
1322 692 1545 735 sessilium
1560 692 1727 734 laciniis
1751 704 1910 745 angus-

209 752 396 795 tioribus
436 751 717 803 acutioribus,
745 751 947 805 capitulis
972 751 1203 795 discoideis
1238 750 1544 798 mediocribus,
1583 750 1799 793 involucri
1824 751 1916 805 pal-

209 811 284 853 lidi
302 812 511 865 adpresse
535 811 637 852 hirti
660 811 821 865 phyllis
844 811 1047 853 omnibus
1071 810 1322 853 lanceolatis
1348 810 1499 863 acutis,
1518 809 1709 852 acheniis
1731 812 1915 852 costato-

208 870 388 913 sulcatis
403 871 561 912 corona
581 869 801 912 dimidiata
817 869 1180 912 truncato-lacera
1202 870 1422 924 superatis
1441 868 1635 911 externis
1649 868 1916 911 abbreviatis

209 929 526 983 quadrangulis
561 936 620 977 26.

208 1005 230 1086 δ’
255 1003 356 1040 Hab.
375 1004 415 1039 in
435 1004 587 1039 fissuris
603 1003 761 1051 rupium
781 1002 908 1038 Cariae
924 1004 964 1039 in
983 1004 1115 1038 monte
1136 1003 1291 1038 Cadmo
1310 1013 1430 1049 supra
1450 1001 1635 1037 Denisleh
1659 1001 1836 1046 (Boissl)
1858 1001 1918 1037 Fl.

235 1061 298 1087 un.

255 1114 367 1151 Folia
386 1115 613 1151 Artemz'sz'ae
630 1113 836 1159 Absinthz'z',
856 1114 988 1149 caules
1015 1124 1119 1160 saepe
1139 1112 1309 1159 pedales,
1329 1113 1445 1148 valde
1477 1112 1606 1147 affinis
1638 1113 1689 1147 A.
1713 1115 1916 1148 montanoe

207 1172 290 1197 var.
310 1161 790 1209 ineanoe.:A.Spraneri
801 1161 926 1197 Boiss.
942 1163 1109 1207 quacum
1126 1171 1211 1196 eam
1232 1161 1327 1196 olim
1343 1161 1507 1205 confusi,
1526 1170 1606 1195 non
1621 1160 1773 1206 absque
1793 1159 1915 1194 dubio

208 1209 259 1244 ab
287 1210 338 1245 A.
366 1207 561 1246 montanai*
581 1220 598 1244 s
630 1210 756 1245 ecifice
786 1209 979 1254 sejuncta,
1007 1208 1135 1243 differt
1153 1210 1283 1243 tamen
1304 1208 1354 1244 ab
1384 1209 1468 1254 ejus
1497 1207 1632 1242 formis
1659 1206 1793 1242 rosula.
1811 1206 1914 1241 radi-

206 1256 286 1292 cali
297 1256 427 1292 sessili
446 1259 484 1293 et
500 1258 594 1292 invo
614 1256 695 1292 ucri
711 1255 862 1303 phyllis
882 1255 1136 1292 acutioribus.

268 1381 336 1424 30.
365 1381 424 1426 A.
460 1380 773 1436 pauciloba
795 1381 954 1434 (Boiss.
983 1380 1138 1433 Diagn.
1165 1379 1259 1422 Ser.
1285 1380 1317 1433 I,
1343 1382 1384 1433 6,
1403 1393 1441 1434 p.
1463 1379 1553 1434 83)
1579 1379 1915 1434 adpressissime

204 1441 513 1494 sericeo-cana,
548 1441 784 1483 rhizomate
825 1452 968 1482 ramos
999 1439 1156 1481 breves
1180 1440 1354 1482 steriles
1390 1440 1624 1494 caulesque
1648 1451 1909 1481 numerosos

207 1502 377 1543 erectos
398 1499 490 1543 basi
517 1502 683 1542 tantum
710 1499 887 1542 loliosos
925 1502 967 1541 et
997 1510 1126 1553 parce
1156 1511 1351 1542 ramosos
1379 1498 1550 1550 edente,
1577 1498 1689 1541 foliis
1713 1497 1913 1539 radicali-

206 1558 291 1608 bus
315 1562 499 1612 anguste
540 1557 939 1612 oblongo-cuneatis
967 1559 1009 1600 in
1035 1557 1243 1612 petiolum
1270 1558 1396 1610 longe
1421 1557 1656 1599 attenuatis
1689 1556 1783 1599 aliis
1818 1556 1916 1598 bre-

207 1618 386 1661 vissime
403 1618 617 1661 truncatis
634 1617 806 1660 trilobis
819 1617 915 1659 aliis
937 1618 1143 1671 utrinque
1166 1617 1211 1659 in
1239 1618 1312 1659 23
1338 1616 1514 1659 lacinias
1537 1617 1692 1659 breves
1707 1615 1911 1668 oblongo-

207 1677 398 1720 lineares
426 1677 607 1719 obtusas
636 1677 841 1730 integras,
864 1677 929 1718 vel
959 1676 1155 1718 breviter
1192 1677 1489 1718 2-3-dentatas
1527 1687 1652 1719 secus
1688 1674 1911 1716 rachidem

207 1736 338 1779 latam
366 1735 651 1779 decurrentes
681 1736 855 1790 partitis
881 1735 949 1778 vel
979 1735 1122 1783 sectis,
1147 1735 1329 1777 caulinis
1353 1735 1501 1789 parvis
1529 1733 1758 1777 sessilibus
1783 1746 1916 1786 supe-

210 1794 402 1837 rioribus
429 1795 646 1848 indivisis,
670 1795 872 1849 capitulis
890 1793 1183 1837 mediocribus
1208 1794 1439 1837 discoideis
1467 1794 1721 1847 longissime
1747 1792 1913 1846 pedun-

206 1853 378 1907 culatis,
415 1853 630 1897 involucri
665 1854 813 1907 pallidi
844 1854 1055 1908 adpresse
1098 1854 1258 1896 hirsuti
1283 1853 1445 1908 phyllis
1472 1852 1666 1904 oblongis
1698 1855 1739 1894 et
1772 1852 1912 1893 ovalis

206 1913 504 1967 acutiusculis,
530 1913 720 1955 acheniis
748 1914 962 1966 angulatis
986 1912 1141 1955 albidis
1178 1914 1337 1955 corona
1361 1912 1482 1954 brevi
1511 1912 1733 1954 dimidiata
1764 1910 1910 1952 subla-

206 1974 307 2015 cera
332 1974 553 2027 superatis
574 1972 768 2015 externis
791 1972 1069 2015 subcurvatis
1104 1978 1164 2018 26.

255 2046 358 2081 Hah.
380 2047 420 2082 in
440 2045 593 2082 Libano
608 2047 708 2082 circa
724 2045 869 2081 Cedros
888 2045 952 2090 (Bl
967 2048 1005 2091 l),
1024 2046 1252 2081 Antilibano
1275 2046 1375 2081 circa
1393 2045 1598 2090 Rascheya
1617 2044 1795 2088 (Boissl),
1819 2041 1915 2078 Bes-

206 2093 308 2129 sima
327 2095 363 2129 et
381 2093 508 2129 Ouadi
528 2093 564 2129 el
580 2093 696 2129 Harir
710 2093 886 2138 (Gaium,
906 2094 945 2128 in
966 2093 1071 2128 valle
1092 2093 1358 2129 Mandschura
1372 2096 1410 2128 et
1429 2093 1478 2128 ad
1493 2092 1579 2127 Mar
1600 2091 1707 2127 Elias
1726 2091 1820 2136 (ΚΥ.
1833 2101 1913 2126 exs.

205 2140 292 2176 119!
312 2144 350 2176 et
365 2140 461 2183 4801,
482 2141 558 2176 sub
580 2142 630 2176 A.
660 2138 838 2184 incauli),
858 2140 1145 2188 Mesopotamia
1165 2151 1286 2187 prope
1310 2140 1521 2176 Diarbekir
1539 2139 1641 2185 (ΚΥ.
1668 2139 1787 2184 2721),
1812 2138 1913 2173 circa

206 2188 368 2234 Aintab,
394 2187 535 2234 Surug,
555 2187 646 2223 Orsa
666 2187 847 2231 (Haussk
858 2189 894 2232 1).

208 2286 211 2287 γ
254 2251 473 2287 Pedunculi
494 2251 595 2295 ’κ’-1·
627 2251 768 2297 edales,
796 2250 890 2287 folia
910 2251 984 2287 sere
1013 2250 1300 2287 Leucanthemz‘
1320 2251 1497 2296 υαῖζμινίε
1523 2250 1592 2286 sed
1623 2249 1855 2295 angustiora
1875 2250 1913 2284 et

204 2299 581 2382 ἑῐίιιῖἰίἓἫΞεὶῗὲἱῖἃΑ
610 2300 732 2335 ormis
751 2298 1013 2336 A.montanoe
1031 2301 1068 2335 et
1084 2299 1135 2334 ab
1154 2296 1480 2344 Aabsz'nthifolic‘i
1499 2297 1605 2334 soliis
1624 2297 1801 2333 cuneatis
1819 2306 1914 2342 pau-

727 2469 768 2517 b)
792 2470 1094 2518 Receptaculum
1116 2471 1307 2506 conicum.

266 2573 334 2616 31.
359 2571 420 2617 A.
447 2571 757 2616 Anatolica
776 2570 935 2627 (Boiss.
957 2571 1108 2624 Diagn.
1125 2570 1220 2613 Ser.
1247 2572 1278 2614 Ι.
1297 2572 1369 2622 11,.
1386 2584 1426 2624 p.
1449 2570 1520 2623 10)
1537 2569 1749 2624 adpresse
1762 2579 1914 2610 canes-

205 2630 611 2687 centi-subscricea,
636 2631 873 2674 rhizomate
895 2631 1014 2674 tenui
1044 2630 1270 2673 fasciculos
1298 2630 1472 2672 soliosos
1495 2627 1729 2683 caulesque
1768 2638 1914 2669 ascen-

206 2690 359 2734 dentes
385 2690 597 2745 rigidulos
634 2691 793 2734 breves
819 2689 1036 2743 simplices
1071 2690 1138 2731 vel
1166 2689 1335 2731 inferne
1373 2698 1502 2742 parce
1531 2698 1727 2729 ramosos
1752 2684 1912 2728 edenti.

202 2750 318 2793 foliis
340 2750 623 2793 inferioribus
645 2749 863 2804 petiolatis
891 2749 1056 2791 ambitu
1078 2748 1221 2791 ovatis
1236 2748 1279 2790 in
1302 2747 1511 2791 lacinulas
1526 2746 1718 2788 minutas
1745 2745 1912 2787 conser-

204 2812 271 2851 tas
289 2809 687 2863 oblongo-lineares
709 2808 888 2851 obtusas
911 2806 1276 2863 bipinnatisectis,
1303 2806 1486 2849 caulinis
1515 2804 1636 2847 valde
1669 2803 1910 2853 diminutis,

203 2867 407 2921 capitulis
447 2866 741 2911 mediocribus
779 2867 903 2920 longe
950 2865 1267 2921 pedunculatis,
1311 2864 1524 2908 involucri
1570 2875 1698 2918 parce
1751 2861 1912 2904 hirsuti

205 2927 367 2980 phyllis
401 2926 580 2969 minutis
608 2929 790 2981 anguste
823 2924 1360 2979 fuscesccnti-marginatis
1394 2924 1447 2966 ab
1484 2922 1647 2966 infimis
1675 2921 1914 2974 triangula-

204 2984 329 3028 ribus
364 2982 648 3029 a'cutiusculis
685 2985 739 3028 ad
777 2984 927 3028 intima
968 2984 1153 3037 oblonga
1186 2983 1341 3027 obtusa
1379 2982 1544 3025 sensim
1572 2982 1727 3034 auctis,
1766 2978 1911 3033 ligulis
