2066 3296
116 246 407 295 Phoeopappus.
843 259 1090 286 composrrAE.
1749 254 1820 290 597

233 386 353 430 Ssc‘r.
389 387 441 429 II.
476 387 838 432 EurnAEomrrus.
861 414 906 421 —-
935 391 1110 445 Pappus
1140 391 1406 434 bai-bellatus
1434 394 1503 435 vel
1533 394 1697 436 scaber.

678 529 697 586 ς
730 530 769 572 3.
809 531 1254 587 Macrocephali.

177 655 214 696 9.
235 653 291 696 Ρ.
310 651 640 697 leuzeoides
659 652 819 707 (Boiss.
841 653 992 707 Diagn.
1013 653 1103 696 Ser.
1124 654 1155 707 Ι,
1170 655 1209 707 6,
1228 667 1266 709 p.
1290 655 1391 709 124)
1410 658 1821 699 tomentoso-canes-

117 725 220 756 cens
256 713 323 754 vel
360 724 508 765 canus,
540 712 738 754 caulibus
773 712 1014 755 humilibus
1049 713 1209 756 crassis
1247 714 1409 756 foliosis
1448 714 1715 768 simplicibus
1752 717 1818 758 vel

116 771 208 814 basi
236 783 356 814 ramo
378 770 516 814 auctis
538 771 837 825 1-9-cephalis,
856 771 968 814 foliis
990 784 1075 815 non
1098 771 1434 815 decurrentibus
1453 774 1734 816 inferioribus
1751 776 1819 817 vel

116 830 457 886 pinnatipartitis
484 829 651 872 laciniis
675 829 1130 884 oblongo-lanceolatis
1153 831 1219 873 vel
1248 831 1401 885 lyratis
1429 836 1651 885 segmento
1676 834 1823 874 termi-

117 889 204 932 nali
244 888 576 942 ovato-oblongo
611 890 746 932 mullo
780 889 957 943 majore,
984 889 1096 933 soliis
1131 890 1435 943 superioribus
1470 891 1698 934 sessilibus
1731 892 1823 934 basi

118 948 352 991 attenuatis
377 947 614 1002 capitulum
642 948 805 1001 saepius
833 948 1145 1002 superantibus
1165 948 1620 1002 oblongo-lanceolatis
1643 951 1822 1003 integris

119 1007 265 1050 rarius
288 1005 631 1060 pinnatilobatis,
656 1007 844 1061 capitulo
870 1019 1024 1061 magno
1050 1007 1388 1060 ovato-globoso,
1415 1008 1663 1063 phyllorum
1688 1010 1823 1051 inter-

120 1065 365 1109 mediorum
384 1065 622 1119 appendice
639 1066 702 1108 eis
720 1065 1046 1121 subaequilonga
1069 1067 1308 1109 orbiculata
1333 1068 1400 1109 vel
1420 1068 1822 1120 ovato-triangulari

120 1127 268 1167 centro
290 1123 479 1166 scariosa
505 1124 774 1167 fuscescente
802 1125 995 1180 margine
1020 1127 1170 1168 tenere
1198 1125 1339 1168 albida
1369 1126 1561 1169 breviter
1585 1126 1821 1168 fimbriato-

121 1183 261 1227 ciliatfi
292 1183 335 1225 in
364 1183 534 1238 spinam
569 1185 746 1226 tenuem
778 1184 889 1227 ciliis
924 1196 1078 1240 parum
1107 1184 1174 1226 vel
1210 1185 1343 1240 duplo
1368 1185 1606 1238 longiorem
1634 1185 1823 1234 abeunti,

120 1241 313 1286 flosculis
342 1241 499 1295 pallide
527 1243 765 1296 purpureis
791 1243 860 1286 vel
888 1242 1204 1287 lutescentibus
1243 1250 1302 1291 26.
1337 1242 1599 1285 Tomantlzea
1632 1243 1824 1285 Anchari

120 1313 199 1344 uc.
227 1300 380 1343 Prodr.
405 1301 476 1352 VI,
503 1312 541 1354 p.
569 1302 667 1344 564.

167 1374 270 1410 Hah.
291 1374 331 1409 in
355 1374 465 1410 siccis
486 1375 709 1422 subalpinis
728 1377 766 1411 et
787 1375 932 1423 alpinis
950 1377 1093 1413 Persiae
1111 1376 1251 1413 mediae
1271 1377 1391 1413 occid.
1413 1376 1555 1421 (Auch.
1575 1377 1716 1421 31951),
1737 1388 1825 1412 aus-

119 1421 230 1458 tralis
253 1422 293 1457 in
317 1422 518 1458 montibus
543 1422 699 1458 Schiraz
718 1422 811 1469 (Ky.
832 1424 916 1460 8971
936 1426 974 1460 et
995 1424 1109 1469 8981),
1129 1424 1179 1460 ad
1205 1428 1376 1461 montem
1396 1423 1550 1460 Sawers
1575 1425 1613 1459 in
1634 1424 1827 1471 gramino-

120 1470 173 1505 sis
192 1467 295 1504 9000’
313 1469 494 1514 (Haussk
504 1471 539 1515 1),
559 1470 692 1505 Persiu
714 1470 864 1506 boreali
884 1472 924 1507 in
945 1471 1054 1508 fauce
1078 1472 1238 1508 Dudera
1259 1472 1404 1508 montis
1424 1471 1568 1507 Elbrus
1587 1471 1679 1517 (Ky.
1703 1472 1823 1516 4312).

123 1593 132 1635 Ι
166 1534 223 1635 ιβ.
262 1533 578 1588 ἱιιιερνιζΐοίία·3.
611 1559 663 1565 —-
692 1535 809 1578 Folia
837 1536 980 1578 omnia
1008 1536 1197 1579 indivisa
1221 1540 1345 1580 ovata
1374 1538 1417 1578 et
1443 1537 1824 1591 oblongo-lanceo-

138 1605 158 1634 a
182 1605 219 1635 a.

168 1665 267 1702 Hab.
287 1667 327 1702 in
358 1670 490 1703 monte
507 1665 664 1703 Sawers
684 1667 827 1703 Persiae
857 1668 1042 1704 australis
1073 1679 1162 1704 cum
1195 1674 1287 1716 typo
1309 1668 1487 1714 (Haussk
1499 1670 1536 1713 1),
1555 1668 1604 1704 ad
1635 1668 1828 1705 Perezend

121 1714 261 1758 (Auch.
277 1713 414 1758 48351),
430 1714 468 1749 in
485 1714 590 1750 valle
608 1714 786 1761 Talagon
805 1718 843 1751 et
862 1715 971 1752 fauce
989 1715 1149 1752 Dudera
1168 1716 1315 1752 montis
1334 1716 1478 1752 Elbrus
1495 1715 1639 1752 Persiae
1658 1716 1827 1752 borealis

121 1760 212 1806 (Ky.
230 1760 298 1797 431
315 1764 351 1797 a!
371 1763 409 1797 et
425 1761 497 1797 512
514 1762 582 1806 ax).

180 1846 218 1886 y.
248 1825 473 1869 Szovitzii.
494 1850 547 1857 —-
571 1826 688 1869 Folia
709 1830 871 1881 praeler
894 1840 1063 1871 summa
1087 1827 1275 1870 indivisa
1300 1828 1711 1871 lineari-lanceolata
1734 1828 1829 1882 pin-

121 1885 329 1928 natisecta
364 1885 529 1929 laciniis
568 1886 815 1929 numerosis
853 1890 1035 1941 anguste
1071 1886 1251 1941 oblongo
1291 1887 1829 1932 vel-lineari-lanceolatis

122 1944 304 1998 integris
329 1944 398 1988 vel
425 1956 550 1999 parce
574 1944 859 2000 pinnatifidis.
888 1944 1042 1988 Caules
1066 1946 1289 1988 interdum
1313 1946 1516 1989 elatiores
1542 1946 1763 1989 tenuiores
1787 1948 1828 1988 et

124 2003 362 2057 capitulum
388 2003 633 2046 subminus.
653 2027 708 2035 -
731 2002 971 2065 Amberboa
985 2003 1264 2057 plzaeopappa
1287 2018 1368 2047 nc.
1395 2005 1547 2047 Prodr.
1574 2004 1646 2055 Vl,
1669 2018 1709 2059 p.
1730 2005 1825 2046 560.

133 2085 180 2094 -
208 2061 462 2115 Psephellzcs
493 2061 799 2116 phoeopappus
819 2062 862 2104 F.
893 2067 936 2107 et
963 2063 1014 2106 Μ.
1040 2088 1097 2093 -
1124 2063 1428 2116 ΡΙιιεοραρρηε
1453 2062 1660 2105 193ου1ίεί1
1689 2062 1827 2105 Boiss

124 2121 276 2222 Riafgn.
306 2120 461 2223 Seier
489 2123 528 2174 6,
567 2134 606 2176 p.
645 2123 740 2165 123.
768 2146 826 2153 —
852 2122 1026 2175 Plioeop.
1057 2121 1397 2164 macracantlzus
1439 2122 1575 2165 Boiss.
1604 2126 1647 2163 et
1686 2121 1829 2164 Bubse

167 2193 192 2223 u
213 2194 247 2223 z.
276 2192 316 2234 p.
437 2214 445 2223 .

172 2254 274 2290 Hab.
292 2255 332 2290 in
350 2255 495 2292 Persiae
523 2256 694 2293 borealis
715 2255 819 2292 valle
839 2255 916 2292 Lar
944 2255 1090 2291 montis
1108 2254 1253 2291 Elburs
1276 2255 1427 2299 (Buhse
1437 2257 1463 2300 1)
1481 2257 1518 2290 et
1545 2254 1654 2290 fauce
1673 2253 1830 2289 Dudera

127 2300 218 2348 (Ky.
244 2302 360 2348 4311),
392 2303 596 2339 montibus
623 2302 854 2350 Seidkbodji
883 2313 993 2350 prov.
1021 2302 1263 2347 Aderbidian
1282 2302 1444 2347 (Szovl)‚
1463 2302 1647 2337 Armenia
1674 2300 1832 2337 Rossica

126 2358 247 2396 prope
267 2349 595 2386 Nackitschewan
608 2349 808 2396 (Buhse!)‚
822 2350 955 2387 Persia
973 2349 1138 2385 australi
1157 2350 1207 2385 ad
1226 2350 1360 2385 ruinas
1375 2348 1596 2396 Persepolis
1609 2348 1699 2394 (Ky.
1714 2347 1830 2391 8341).

175 2412 433 2461 Semipedalis
446 2414 574 2450 rarius
592 2414 755 2462 pedalis,
776 2414 951 2462 capitula
969 2424 1014 2449 ea
1023 2411 1190 2450 Leuzeoe
1207 2412 1483 2459 subaequantia
1504 2412 1701 2448 interdum
1720 2411 1832 2446 dimi-

125 2461 232 2514 nuta.
248 2459 275 2496 S
304 2460 404 2497 ecies
414 2461 606 2516 ‘folio-rum
625 2461 832 2515 divisione.
844 2460 1045 2515 ‚involucri
1063 2460 1188 2542 Sssmis
1208 2459 1297 2505 plus
1316 2460 1448 2495 minus
1464 2459 1658 2504 elongatis
1677 2461 1715 2495 et
1733 2457 1833 2493 vali—

127 2507 188 2543 dis
205 2507 269 2543 val
301 2516 322 2544 e
339 2508 558 2544 vanabills.
576 2529 621 2534 —
639 2508 685 2544 P.
703 2507 980 2554 mehor-tzfolms
1004 2507 1079 2543 Jau
1113 2536 1119 2541 .
1147 2509 1185 2542 et
1212 2506 1275 2553 Sp.
1306 2505 1363 2542 Ill.
1383 2505 1449 2541 Or.
1469 2505 1529 2549 ΠΙ,
1548 2517 1585 2552 p.
1609 2506 1664 2550 14,
1697 2504 1834 2552 planta

127 2553 236 2638 gudita}
249 2554 414 2601 originis
433 2556 590 2592 ineertae
613 2555 682 2593 sed
700 2556 810 2603 prob.
833 2554 1044 2592 Orientalis
1061 2553 1138 2590 huc
1157 2563 1313 2600 quoque
1331 2563 1351 2588 e
1370 2553 1630 2599 descriptione
1656 2553 1834 2599 spectare

155 2610 168 2635 ι
197 2611 218 2637 e
238 2611 294 2637 ur.

190 2715 259 2757 10.
296 2713 355 2757 P.
391 2714 744 2770 spectabilis
776 2715 877 2770 (uc.
917 2714 1075 2757 Prodr.
1119 2713 1190 2764 VI,
1234 2726 1277 2768 p.
1324 2713 1405 2754 561
1450 2712 1531 2755 sub
1575 2709 1835 2765 Amberbozi)

130 2775 513 2826 tomentoso-cana‚
531 2774 654 2817 caule
670 2778 815 2817 erecto
839 2772 1148 2827 monocephalo
1172 2772 1239 2814 vel
1254 2782 1381 2826 parce
1404 2782 1589 2821 ramoso,
1611 2769 1724 2812 foliis
1747 2781 1833 2811 non

130 2830 467 2875 decurrentibus
493 2832 698 2876 indivisis
720 2830 1183 2886 oblongo-lanceolatis
1211 2831 1277 2872 vel
1301 2829 1601 2883 pinnatisectis
1627 2827 1696 2870 vel
1721 2828 1836 2881 lyra-

128 2889 198 2940 tis,
217 2889 499 2934 inferioribus
523 2891 566 2934 in
591 2891 800 2946 petiolum
829 2891 1004 2944 longum
1018 2889 1254 2932 attenuatis
1278 2888 1461 2931 summis
1490 2887 1713 2929 diminutis
1742 2886 1833 2929 basi

131 2948 276 2991 sessili
300 2950 549 3002 attenuatis,
572 2949 760 3005 capitulo
785 2949 1024 3004 majusculo
1046 2946 1406 3002 globoso-comeo,
1430 2946 1678 3000 phyllorum
1701 2945 1835 2986 inter-

131 3006 374 3051 mediorum
398 3010 441 3051 et
465 3008 723 3051 inferiorum
752 3008 993 3063 appendice
1019 3005 1368 3049 semiorbiculate
1397 3008 1649 3047 transverse
1683 3003 1835 3046 latiore
