2090 3291
244 240 316 277 630
977 250 1225 277 commanus.
1709 239 1945 278 Centaurea.

247 322 328 374 dis,
352 320 549 364 caulibus
571 321 765 364 tenuiter
784 320 966 374 virgatis
991 321 1190 376 rigidulis
1210 332 1403 376 superne
1421 320 1620 375 ramosis,
1643 321 1757 365 foliis
1777 321 1932 366 inferio

245 380 371 423 ribus
398 379 615 435 petiolatis
637 380 835 433 oblongis
855 380 1058 434 dentatis,
1083 381 1266 424 caulinis
1289 379 1471 433 integris
1498 383 1681 434 anguste
1702 380 1952 425 lanceolatis

249 443 291 481 et
325 438 578 484 linearibus.
618 440 817 492 capitulis
855 438 1147 482 mediocribus
1189 439 1328 481 ovatis
1365 439 1700 491 subbracteatis‚
1735 440 1952 484 involucri

246 496 408 552 phyllis
432 497 475 538 in
494 497 777 551 appendicem
794 498 1073 541 lanceolatam
1096 498 1410 541 fuscescentem
1434 497 1489 540 ad
1510 498 1702 541 medium
1719 498 1811 541 fere
1826 499 1952 554 longe

247 556 674 609 pectinato-ciliatam
710 556 986 608 abeuntibus,
1019 557 1214 600 flosculis
1253 557 1394 600 roseis
1432 556 1724 608 radiantibus,
1761 557 1950 601 acheniis

247 614 380 656 calvis
414 620 451 662 26
465 648 472 656 .
500 615 540 657 C.
565 614 819 667 nigrescens
842 616 968 658 Auct.
994 628 1046 658 ex
1070 619 1208 671 parte.
1236 640 1290 646 —-
1315 615 1355 658 C.
1388 615 1717 668 Trapezuntina
1739 615 1880 659 Boiss.
1905 617 1952 659 in

246 672 406 727 Bourg.
434 686 524 716 exs.

293 746 396 782 Hab.
414 747 455 783 in
473 747 642 784 collibus
662 749 779 785 Ponti
796 758 917 796 prope
936 749 1225 795 Trapezuntem
1242 748 1441 795 (Bourgl).

291 811 325 845 A
346 810 384 847 C.
403 811 644 857 m'yrescente
662 813 767 848 affini
788 812 1076 861 appendicibus
1094 811 1326 859 phyllorum
1345 811 1641 858 angustioribus
1655 815 1693 847 et
1705 811 1952 858 longioribus

246 858 324 892 fere
341 857 392 893 ad
412 858 916 917 mediumxpinnatipartitis
937 859 1151 905 discedens,
1171 869 1221 895 an
1240 859 1359 905 hujus
1377 859 1572 895 varietas?

293 921 356 956 Ar.
375 920 507 968 Geoqr.
529 922 663 958 Gallia
681 926 718 958 et
738 923 851 969 prob.
869 924 950 958 tota
969 922 1127 970 Europa
1147 922 1288 958 media.

311 1043 379 1084 27.
416 1042 469 1086 C.
503 1043 819 1088 saliciiolia
847 1044 979 1099 (ΜΒ.
1006 1045 1136 1088 Taur.
1163 1043 1290 1088 Cauc.
1318 1044 1372 1097 ΙΙ,
1400 1057 1440 1100 p.
1473 1044 1579 1099 343)
1611 1044 1710 1098 pilis
1743 1044 1952 1089 brevibus

247 1101 467 1145 annulatis
485 1103 955 1156 pubescens,caulibus
975 1105 1132 1147 erectis
1151 1104 1420 1158 simplicibus
1445 1105 1515 1146 vel
1538 1115 1730 1159 superne
1752 1105 1952 1153 ramosis,

246 1161 360 1203 foliis
379 1161 548 1204 crebris
566 1162 820 1216 majusculis
837 1162 1294 1216 oblongo-lanceolatis
1312 1164 1450 1206 acutis
1472 1163 1539 1206 vel
1564 1163 1821 1206 acuminatis
1844 1163 1954 1206 inte·

247 1220 337 1273 gris
377 1220 445 1262 vel
483 1220 991 1276 denticulato-repandis,
1029 1222 1229 1276 capitulis
1274 1222 1569 1265 mediocribus
1612 1222 1953 1276 ovato-globosis

250 1279 499 1330 bracteatis,
528 1279 742 1322 involucri
778 1280 936 1334 phyllis
973 1280 1419 1334 oblongo-linearibus
1449 1284 1491 1325 et
1517 1280 1758 1324 linearibus
1784 1281 1954 1324 lineatis

250 1338 490 1391 appendice
528 1338 757 1392 nigricanti
797 1340 859 1382 eis
900 1339 1139 1383 sublatiore
1174 1340 1389 1395 adpressa
1425 1341 1622 1383 breviter
1662 1340 1953 1394 triangulari-

250 1398 490 1439 lanceolata
525 1399 646 1440 acuta
686 1398 799 1440 ultra
832 1399 1024 1442 medium
1060 1399 1272 1453 pinnatim
1307 1399 1685 1453 pectinato-ciliata
1720 1399 1953 1453 superatis,

248 1455 445 1498 flosculis
471 1456 612 1499 roseis
638 1457 953 1510 marginalibus
978 1457 1104 1512 longe
1131 1458 1419 1510 radiantibuS‚
1450 1458 1640 1501 acheniis
1667 1458 1815 1513 parvis
1847 1458 1950 1501 obo-

248 1514 360 1556 vatis
384 1514 543 1557 albidis
570 1528 712 1570 pappo
740 1517 1002 1559 brevissimo
1038 1523 1098 1564 26.

296 1587 399 1624 Hah.
415 1588 456 1623 in
475 1588 650 1624 herbidis
673 1592 710 1625 et
731 1589 935 1635 sylvaticis
953 1590 1068 1626 Ponti
1085 1591 1135 1627 ad
1152 1590 1324 1627 Samsun
1341 1591 1810 1639 (Wied1)‚'rrapezuntem
1823 1591 1940 1639 (Kyl)

246 1633 299 1669 ad
318 1634 371 1670 Of
384 1638 422 1670 et
442 1635 562 1671 Rhize
580 1637 620 1671 in
643 1636 864 1673 Lazistania
884 1637 1022 1682 (Ball),
1041 1637 1209 1675 Caucasi
1225 1638 1275 1674 ad
1292 1638 1588 1675 Wladikawcas
1610 1639 1755 1685 (MR),
1773 1638 1953 1676 Imeretia

245 1681 460 1727 (Nordm.),
479 1683 649 1729 Georgia
671 1683 882 1720 Caucasica
902 1684 1113 1730 (Hohenl).

293 1746 405 1782 Folia
424 1748 480 1783 eis
501 1746 541 1784 C.
563 1747 695 1785 Jaceoe
712 1752 750 1784 at
774 1749 1007 1796 nzyrz'cantz's
1026 1749 1168 1786 latiora
1185 1752 1222 1786 et
1239 1749 1420 1796 longiora
1436 1751 1620 1787 acutiora.
1640 1749 1678 1788 C.
1711 1749 1952 1788 Voehinensis

243 1793 371 1830 affinis
389 1794 518 1830 differt
536 1795 730 1832 involucri
749 1796 1035 1843 appendicibus
1054 1797 1298 1834 abbreviatis
1314 1798 1473 1834 brevius
1491 1797 1645 1834 ciliatis.

306 1926 373 1968 28.
407 1926 460 1969 C.
487 1926 858 1970 Kerneriana
883 1925 1041 1981 (Janka
1064 1926 1172 1970 OEst.
1191 1926 1285 1970 Bot.
1311 1926 1463 1970 Woch.
1482 1926 1619 1977 «1872,
1642 1926 1762 1970 Fasc.
1786 1926 1834 1981 6)
1858 1937 1951 1970 ces·

245 1985 385 2039 pitosa
411 1985 577 2035 viridis,
603 1985 716 2028 soliis
740 1985 948 2040 depresse
976 1986 1194 2039 punctatis
1223 1986 1416 2039 margine
1439 1985 1659 2041 asperulis
1685 1984 1951 2029 radicalibus

244 2043 414 2086 crebris
431 2044 690 2098 caulinoque
706 2044 901 2087 inferiori
914 2044 959 2086 in
978 2044 1186 2098 petiolum
1198 2045 1490 2100 aequilougum
1505 2044 1738 2088 attenuatis
1753 2043 1950 2098 oblongis

245 2102 450 2145 indivisis
474 2102 570 2146 basi
597 2103 945 2146 inciso-dentatis
977 2104 1048 2147 vel
1084 2103 1519 2159 lyrato-pinnatifidis
1545 2103 1751 2147 dentibus
1778 2114 1949 2146 mucro-

246 2162 374 2214 natis‚
407 2161 604 2205 caulibus
632 2162 838 2205 tenuibus
866 2161 1202 2206 ascendentibus
1238 2163 1523 2217 1-2·cephalis
1553 2162 1652 2205 folia
1686 2162 1847 2205 rosulae
1879 2161 1952 2205 vix

243 2220 559 2264 excedentibus
584 2221 761 2272 foliosis,
795 2221 909 2264 foliis
949 2221 1179 2265 sessilibus
1217 2220 1416 2276 oblongis
1451 2220 1672 2277 supremis
1709 2221 1947 2275 capitulum

245 2282 423 2322 ovatum
447 2279 664 2323 mediocre
688 2280 1029 2333 bracteantibuS‚
1051 2280 1269 2324 involucri
1288 2280 1573 2334 glabriusculi
1596 2280 1758 2334 phyllis
1781 2279 1948 2323 striatis

246 2338 593 2392 triangularibus
615 2343 658 2382 et.
674 2339 923 2383 lanceolatis
948 2340 992 2382 in
1016 2340 1302 2394 appendicem
1325 2340 1608 2393 nigricantem
1635 2338 1761 2393 longe
1782 2339 1952 2382 lanceo-

248 2397 605 2441 lam-subulatam
645 2409 875 2441 recurvam
914 2399 958 2441 in
995 2398 1092 2441 cilia
1131 2399 1258 2452 longa
1297 2399 1629 2453 pinnatisectam
1667 2397 1952 2448 abeuntibus,

245 2515 540 2559 exterioribus
565 2515 852 2567 radiantibus,
873 2518 1003 2572 pappi
1028 2516 1162 2559 albidi
1185 2516 1299 2560 serie
1323 2516 1581 2560 intermedia
1607 2515 1785 2558 acheuio
1810 2515 1951 2558 subae-

246 2573 454 2628 quilonga
487 2581 546 2622 26.
585 2572 627 2617 C.
659 2574 940 2618 Dcrventana
975 2575 1114 2621 Janka
1144 2575 1254 2619 OEst.
1280 2576 1376 2619 Bot.
1409 2576 1535 2629 1871,
1559 2588 1603 2629 p.
1634 2574 1719 2617 287
1746 2586 1833 2617 non
1860 2573 1951 2616 Vis.

244 2635 289 2675 et
315 2632 443 2675 Panc.
469 2658 524 2663 —-
547 2633 587 2676 C.
613 2645 801 2676 nervosa
824 2632 994 2678 Griseb.
1019 2634 1132 2690 Spic.
1156 2633 1210 2688 ΙΙ,
1228 2647 1267 2689 p.
1289 2635 1372 2677 233
1397 2646 1484 2677 non
1510 2633 1727 2676 Willd.--
1752 2631 1793 2675 C.
1820 2632 1954 2685 niqra

245 2690 364 2735 Friv.
395 2703 487 2735 exs.
515 2705 601 2736 non
630 2691 677 2734 L.

295 2764 395 2801 Hab.
426 2766 466 2802 in
500 2767 747 2813 rupestribus
778 2766 895 2803 subal
926 2767 1001 2803 inis
1031 2766 1271 2804 declivitatis
1297 2765 1571 2804 meridionalis
1594 2765 1807 2814 Rhodopes
1831 2774 1952 2813 prope

246 2811 407 2849 Kalofer
425 2813 463 2849 in
480 2813 647 2850 Thracia
664 2814 792 2859 (Frivl
811 2814 888 2850 Jan
919 2816 991 2860 al).

294 2875 407 2911 Folia
433 2886 522 2912 cum
549 2877 693 2924 petiolo
717 2876 781 2913 2·2
797 2877 858 2921 Ἰν
888 2877 1076 2923 euicui-ia,
1101 2877 1234 2914 caules
1257 2876 1560 2925 2·3·pollicares,
1577 2876 1795 2924 capitulum
1820 2885 1951 2921 magn.

248 2921 288 2959 C.
318 2921 461 2967 Jaceoe,
485 2922 697 2960 achenium
720 2925 855 2971 sesqui
873 2925 1005 2960 ineam
1032 2925 1209 2971 longum.
1239 2924 1446 2969 Glabritie‚
1475 2923 1592 2968 foliis,
1622 2921 1797 2971 capitulo
1827 2922 1882 2959 du
1911 2921 1953 2958 lo

248 2969 409 3015 minore,
423 2970 617 3006 involucri
631 2970 782 3018 phyllis
800 2971 979 3017 angustis
998 2972 1161 3018 paucius
1178 2971 1322 3008 ciliatis
1339 2982 1364 3007 a
1383 2970 1421 3008 C.
1440 2980 1616 3008 nervosoe
1633 2970 1783 3016 formis,
1794 2968 1877 3016 phy
1914 2969 1950 3004 is

245 3015 366 3063 longe
383 3018 697 3064 appendiculatis
716 3029 739 3054 a
762 3018 799 3055 C.
815 3016 1073 3058 Dervencand
1089 3018 1258 3055 diversa.
