2066 3296
112 225 404 272 Phoeopappus.
843 232 1085 259 composrrAE.
1740 231 1810 268 599

160 303 419 350 semipedalis
437 304 475 338 et
490 302 653 350 pedalis,
671 302 856 338 foliorum
874 302 1026 338 laciniae
1046 305 1227 351 utrinque
1242 306 1351 342 15-20
1368 307 1529 353 pollices
1544 309 1604 344 1·1
1623 310 1663 354 Ἀ
1680 309 1808 357 longae

115 353 132 388 1
160 351 386 396 ’λι-24111038
407 350 506 386 latae.
526 349 665 386 Affinis
683 349 729 384 P.
749 349 927 386 Armeno
945 352 1005 385 sat
1026 350 1233 387 distinctus
1252 354 1407 389 videtur
1424 354 1605 391 foliorum
1633 357 1756 393 torma
1775 363 1811 394 et

113 397 398 446 appendicibus
416 398 598 444 spinosis.

179 513 244 554 14.
282 511 339 554 P.
384 511 865 555 Haussknechtii.
909 511 1117 565 adpressc
1165 516 1450 562 tomentosus,
1493 517 1613 559 caule
1658 519 1808 562 humili

113 570 302 625 simplici
335 571 402 612 vel
439 582 565 624 parce
598 582 784 624 ramoso,
819 570 931 613 foliis
966 571 1246 614 inferioribus
1279 574 1495 626 petiolatis
1530 577 1694 620 ambitu
1727 578 1810 620 late

113 630 460 683 ovato-oblongis
485 629 528 670 in
552 632 773 683 segmenta
795 630 1002 684 utrinque
1027 631 1100 671 5-9
1127 630 1307 684 oblonga
1335 632 1426 674 basi
1450 639 1631 686 anguste
1661 637 1810 679 decur-

112 689 251 732 rentia
278 688 719 741 oblongo-lanceolata
742 688 1054 742 pinnatisectis,
1079 689 1380 742 superioribus
1403 693 1629 736 sessilibus
1654 695 1808 738 decur-

113 747 311 791 rentibus
335 746 584 789 lanceolatis
607 747 863 789 acuminatis
884 747 1388 801 integerriniis‚su1mnis
1409 752 1596 805 capitula
1620 754 1811 797 solitaria

112 806 181 848 vel
202 807 304 849 bina
329 805 586 849 subsessilia
615 806 852 859 majuscula
874 810 1000 849 ovata
1021 806 1396 850 involucrantibus
1420 814 1458 852 et
1486 812 1809 864 superantibus,

110 864 361 920 phyllorum
387 865 644 907 inferiorum
670 867 714 906 et
740 865 1097 907 intermediorum
1126 866 1362 920 appendice
1390 870 1644 923 triangulari
1673 872 1810 913 utrin-

107 935 196 979 que
219 924 261 966 in
294 924 388 966 cilia
413 924 509 966 alba
537 924 612 965 4-ss
637 935 748 966 areae
775 924 1004 967 latitudine
1031 924 1356 979 subaequilonga
1375 927 1591 970 fimbriata
1611 929 1704 972 cilio
1726 934 1811 973 ter·

109 983 257 1032 minali
299 983 660 1039 subspinescente
699 983 953 1026 lateralibus
997 983 1127 1036 duplo
1169 984 1376 1037 longiore,
1414 987 1605 1030 flosculis
1643 1001 1810 1043 pnrpu-

109 1041 198 1084 reis
236 1048 294 1090 26.

156 1107 258 1144 Hab.
280 1109 320 1144 in
340 1107 494 1144 deserto
514 1108 563 1143 ad
582 1108 731 1143 radices
750 1107 897 1143 montis
915 1107 1071 1154 Sindjar
1088 1108 1382 1155 Mesopotamia·
1402 1110 1623 1157 (Hausskl).

156 1162 358 1199 Foliorum
390 1162 623 1199 radicalium
655 1166 856 1209 segmenta
882 1162 946 1198 2-3
972 1163 1064 1210 poll.
1100 1163 1219 1210 longa
1247 1164 1310 1199 6-9
1336 1164 1400 1199 lin.
1435 1165 1527 1202 lata.
1555 1168 1725 1214 capitula
1757 1170 1812 1205 eis

113 1209 158 1246 P.
178 1210 387 1247 leuzeoz'dz's
406 1211 567 1255 minora,
586 1210 820 1257 appendices
839 1210 1082 1246 intermedias
1101 1222 1187 1247 cum
1208 1213 1320 1258 spina
1337 1213 1400 1248 4-5
1420 1213 1485 1248 lin.
1505 1214 1645 1260 longae.
1664 1217 1697 1251 A
1714 1226 1811 1262 prae-

103 1257 336 1294 cedentibus
354 1257 459 1293 foliis
477 1258 746 1304 superioribus
764 1258 844 1293 late
859 1260 896 1293 et
913 1258 1084 1294 breviter
1099 1259 1394 1295 decurrentibus
1409 1260 1599 1297 diversus.
1616 1262 1752 1298 Planta
1770 1268 1812 1299 ut

109 1304 265 1341 videtur
283 1304 552 1352 semipedalis.

174 1420 237 1461 15.
275 1418 332 1462 P.
373 1418 757 1463 obtusifolius
798 1418 958 1474 (Boiss.
997 1424 1040 1463 et
1081 1420 1292 1476 Haussk.)
1340 1422 1546 1476 adpresse
1583 1437 1812 1469 araneoso-

107 1489 355 1532 canescens,
377 1478 498 1521 caule
523 1478 830 1532 monocephalo
853 1478 1006 1521 crebre
1029 1480 1193 1531 folioso.
1215 1481 1326 1524 soliis
1345 1481 1499 1535 amplis
1517 1482 1811 1537 integerrimis

107 1537 303 1591 oblongis
328 1537 497 1580 obtusis
520 1537 614 1579 basi
636 1537 779 1580 sessili
804 1537 887 1580 late
908 1537 1243 1582 decurrentibus
1263 1541 1445 1583 summis
1469 1543 1706 1596 capitulum
1723 1544 1812 1596 glo-

108 1595 263 1639 bosum
286 1597 575 1651 majusculum
599 1596 928 1651 superantibus,
946 1597 1159 1641 involucri
1178 1599 1335 1653 phyllis
1354 1600 1395 1640 in
1415 1601 1695 1654 appendicem
1720 1604 1807 1645 fus-

105 1658 349 1698 cescentem
373 1656 436 1698 eis
471 1655 638 1709 2-3-plo
661 1655 908 1697 breviorem
940 1660 1110 1699 ovatam
1136 1657 1334 1700 obtusam
1368 1659 1418 1700 ad
1445 1660 1636 1702 medium
1668 1674 1807 1716 usque

106 1713 152 1757 in
179 1715 277 1756 9-11
311 1714 506 1757 fimbrias
532 1714 680 1757 fissam
708 1714 971 1757 abeuntibus
1000 1716 1170 1758 fimbria
1195 1717 1335 1759 media
1363 1730 1446 1760 non
1475 1719 1681 1772 longiore.
1710 1721 1810 1762 flos-

105 1773 217 1816 culis
244 1773 369 1816 ssavis
401 1779 462 1821 26.

152 1837 253 1874 Hah.
285 1838 326 1874 in
352 1841 483 1875 monte
513 1839 639 1876 Gebel
657 1839 815 1876 Taktak
835 1839 1132 1887 Mesopotamiae
1152 1841 1220 1876 ubi
1246 1841 1340 1888 legit
1360 1842 1403 1878 cl.
1431 1842 1604 1878 Haussk.
1625 1844 1807 1891 capitulis

103 1885 280 1922 nondum
304 1886 474 1922 evolutis
495 1886 614 1923 Maio.

150 1941 209 1977 Ex
234 1942 348 1978 unico
380 1943 591 1990 specimine
619 1942 796 1979 nondum
822 1945 883 1978 sat
911 1943 1067 1979 evoluto
1097 1943 1324 1991 descriptus.
1345 1945 1456 1981 Folia
1483 1946 1544 1981 6-7
1572 1945 1664 1992 poll.
1687 1947 1805 1993 longa

103 1987 168 2024 2-2
188 1989 229 2034 ¹l¹
249 1988 338 2034 lata,
357 1990 573 2037 capitulum
594 2001 782 2037 magnum
802 1992 844 2026 ut
870 1990 1027 2026 videtur
1048 1991 1291 2037 depressum,
1313 1993 1545 2039 appendices
1574 1993 1802 2039 phyllorum

102 2034 126 2071 2
144 2035 187 2080 Ἰ,
207 2036 263 2072 lin
293 2036 424 2084 longae
455 2037 634 2085 lataeque.
655 2038 717 2074 Ab
747 2038 853 2073 affini
873 2037 918 2073 P.
937 2038 1210 2074 carthamoide
1229 2039 1468 2083 indumento,
1492 2040 1599 2075 foliis
1627 2051 1705 2076 non
1726 2052 1806 2077 car-

102 2082 300 2129 tilagineis
319 2087 357 2120 et
374 2084 559 2121 elevatim
577 2085 800 2129 reticulatis,
818 2085 1100 2132 appendicibus
1118 2086 1357 2122 abbrevtatis
1375 2087 1592 2123 discedens.

166 2196 231 2238 16.
264 2195 324 2239 Ρ.
360 2196 804 2242 carthamoides
832 2197 939 2254 (oc.
966 2198 1119 2241 Prodr.
1144 2200 1215 2251 VI,
1241 2213 1283 2254 p.
1316 2201 1395 2242 561
1427 2201 1508 2243 sub
1537 2200 1800 2256 Ambcrboci)

99 2255 250 2310 glaber
273 2257 433 2311 pallide
455 2258 619 2310 virens,
640 2259 761 2300 caule
785 2257 928 2300 albido
951 2259 1134 2312 simplici
1163 2259 1312 2302 crebre
1339 2259 1504 2312 foliosa,
1534 2260 1648 2302 foliis
1674 2262 1801 2302 carti-

103 2314 282 2368 lagineis
323 2317 528 2359 elevatim
569 2316 809 2359 reticulatis
847 2317 929 2359 sub
967 2317 1082 2359 lente
1117 2318 1556 2371 scabrida-punctatis
1600 2319 1799 2362 indivisis

101 2373 365 2418 radicalibus
390 2375 607 2429 petiolatis
633 2376 786 2427 ovatis,
812 2376 995 2418 caulinis
1019 2376 1215 2430 oblongis
1240 2378 1520 2420 acutiusculis
1544 2378 1627 2420 late
1647 2378 1800 2420 decur-

102 2432 332 2488 rentibus,
376 2435 559 2477 summis
599 2435 848 2478 lanceolatis
889 2436 1124 2489 capitulum
1165 2448 1367 2488 magnum
1411 2436 1802 2489 ovato-globosum

103 2490 428 2535 bracteantibus
468 2497 510 2536 et
557 2493 891 2548 superantibus,
933 2494 1148 2537 involucri
1189 2494 1348 2548 phyllis
1384 2496 1522 2538 ovatis
1565 2495 1802 2548 appendice

105 2551 296 2595 coriacea
322 2552 420 2595 alba
442 2552 687 2596 terminatis
712 2554 774 2596 eis
798 2553 1127 2607 subaequilonga
1153 2553 1246 2595 basi
1277 2554 1488 2607 quadrata
1520 2555 1639 2609 apice
1670 2554 1805 2596 trian-

103 2610 245 2663 gulari
260 2610 305 2653 in
324 2611 495 2666 spinam
512 2614 674 2654 rectam
687 2612 910 2655 attenuata
927 2614 969 2654 et
987 2612 1226 2654 lateraliter
1245 2612 1448 2667 utrinque
1464 2615 1537 2655 4-5
1559 2613 1804 2667 spinuloso-

103 2668 246 2712 lacera
267 2670 453 2724 spinuHs
480 2671 818 2714 ascendentibus
840 2670 1064 2721 brevibus,
1080 2671 1273 2714 flosculis
1296 2670 1426 2714 luteis
1454 2678 1515 2719 aa.
1546 2670 1805 2723 Pscpleellns

106 2727 426 2771 carthamoides
450 2729 495 2771 F.
530 2733 572 2772 et
603 2729 655 2771 M.
693 2730 794 2773 Mss.
825 2753 885 2761 —
919 2728 1089 2783 Phaeop.
1121 2729 1440 2772 carthctmoe'dcs
1473 2729 1616 2774 Boiss.
1651 2730 1802 2783 Diagn.

104 2784 200 2828 Ser.
221 2787 257 2835 Ι,
286 2789 329 2839 6,
351 2801 392 2843 p.
420 2789 515 2831 125.

151 2852 253 2889 Hah.
274 2853 315 2889 in
338 2853 457 2889 aridis
481 2854 581 2890 circa
605 2864 752 2901 pagum
775 2855 872 2891 Pere
894 2854 1093 2891 districtus
1122 2855 1225 2891 Kho‘t
1249 2864 1362 2902 prov.
1391 2854 1632 2900 Aderbidjan
1661 2854 1805 2890 Persia}

105 2899 266 2945 (Szovt).
291 2899 377 2936 Vid.
396 2901 435 2936 in
455 2901 568 2937 herb.
588 2911 662 2937 nc.

154 2955 228 2992 vix
237 2956 415 3039 1pedalis,
433 2957 517 2993 folii
540 2956 722 2993 radicalis
745 2957 894 2994 limbus
917 2957 1211 3005 [μῦ-0011103113,
1234 2956 1464 3004 phyllorum
1481 2956 1804 3010 intermediorum

97 3011 234 3050 ¹appen
264 3004 305 3039 ix
322 3003 388 3040 7-9
402 3004 528 3040 lineas
550 3004 669 3051 longa
685 3004 773 3041 basi
789 3005 813 3041 2
832 3006 874 3049 Ἰ.
893 3005 961 3041 lin.
980 3005 1061 3041 lata
1080 3005 1326 3051 marginibus
1344 3003 1543 3050 parallelis
1563 3008 1738 3049 integris.
