2071 3241
83 225 302 264 Anthemis.
813 235 1059 262 composxmz.
1714 233 1787 269 289

84 306 197 351 viter
239 305 681 359 oblongo-linearilnis
728 306 881 348 obtuse
927 310 970 349 et
1013 307 1206 350 breviter
1253 309 1603 362 pinnatilobatis-
1623 311 1781 356 fidisve

83 366 284 409 foliorum
309 366 587 419 superiorum
602 366 797 418 integriS,
812 366 1012 418 capitulis
1027 367 1315 410 mediocribus
1334 369 1602 421 longiuscule
1623 372 1791 425 pedun-

85 425 256 475 culatis,
284 423 499 466 involucri
522 424 680 478 phyllis
708 425 916 479 adpresse
941 426 1191 468 tomentosis
1223 427 1394 479 pallidis
1422 429 1474 470 ab
1502 429 1665 472 infimis
1688 443 1786 474 ova-

85 484 140 526 tis
165 483 444 525 acutiusculis
468 483 520 524 ad
543 483 695 525 intima
719 483 901 534 oblonga
923 484 1045 537 apice
1072 488 1254 537 anguste
1282 487 1607 530 membranacea
1631 490 1785 542 auctis,

86 542 228 595 ligulis
259 541 453 595 oblongis
478 542 594 584 disco
627 541 989 584 subbrevioribus
1015 542 1123 585 albis
1148 542 1239 585 basi
1267 545 1531 596 sanguineis,
1558 547 1661 588 disci
1686 549 1788 591 flos-

85 601 194 644 culis
219 601 321 643 tubo
353 601 465 642 luteo
495 600 622 642 limbo
645 601 827 653 rubello,
855 601 991 654 paleis
1016 601 1180 644 teneris
1213 603 1416 645 carinatis
1442 606 1563 658 apice
1592 607 1788 650 breviter

85 660 318 702 attenuatis
347 658 622 701 denticulatis
652 670 787 701 nervo
825 663 1087 703 excurrente
1120 662 1447 712 mucronulatis,
1472 665 1662 707 acheniis
1690 669 1787 708 tur·

87 717 504 771 binam-cylindricis
539 719 698 759 corona
736 717 859 760 brevi
888 719 1201 772 marginiformi
1241 727 1300 767 26.
1328 721 1376 762 A.
1407 722 1590 764 Pontica
1617 723 1679 765 Fl.
1707 724 1785 766 Gr.

87 775 162 829 IX,
187 790 226 830 p.
253 778 321 828 66,
350 776 434 818 tab.
462 778 547 818 885
573 789 655 818 non
676 776 822 818 Wiild.

132 850 236 885 Hah⁴
261 850 298 885 in
312 850 466 885 saxosis
479 849 687 885 maritimis
711 851 830 897 Cypri
849 851 1024 896 (Simu),
1043 851 1093 887 ad
1106 851 1293 897 Limasol,
1308 853 1521 891 Prodromo
1539 857 1576 891 et
1591 856 1786 893 Phanero-

86 907 198 933 mene
216 898 330 944 Juxta
347 907 454 932 mare
472 897 564 942 (Ky.
578 897 684 941 3391)
712 898 766 933 Fi.
788 900 882 944 Apr.

131 961 272 996 Cautes
286 971 372 996 cum
394 960 624 1007 pedunculis
634 961 936 1007 3-5-pollicares.
954 961 1127 1008 capitula
1145 965 1310 1009 magnit.
1326 965 1374 1000 A.
1395 966 1570 1002 arvensz's
1588 967 1789 1012 eleganter

85 1008 177 1043 albo
197 1011 233 1043 et
264 1018 459 1055 purpureo
492 1009 703 1053 variegata.
735 1009 877 1043 Planta
910 1009 951 1044 in
981 1009 1112 1045 Prodr.
1140 1010 1198 1045 Fl.
1228 1011 1377 1047 Graeoae
1408 1016 1507 1048 recte
1532 1015 1728 1060 perennis,
1745 1015 1786 1050 in

83 1055 345 1091 Flora'tGrazca
365 1056 522 1090 errones·
543 1057 673 1090 autem
694 1066 824 1090 annua
845 1055 961 1092 dicta.

143 1180 211 1220 ⁹20.
243 1180 302 1222 A.
329 1179 556 1222 Iberica
578 1179 706 1233 (ΜΒ.
733 1178 1083 1231 Taur.Cauc.11‚
1113 1196 1151 1235 p.
1179 1183 1286 1237 3028)
1307 1184 1393 1225 basi
1419 1183 1618 1227 indurata
1648 1187 1787 1239 pluri-

82 1249 198 1291 ceps,
225 1239 422 1280 caulibus.
451 1237 573 1280 elatis
613 1238 883 1291 simplicibus
923 1242 1245 1296 monocepbalis
1277 1242 1441 1285 inferne
1469 1246 1634 1286 tantum
1665 1246 1786 1290 folio-

82 1297 156 1349 sis,
181 1298 294 1339 foliis
313 1298 520 1350 adpresse
547 1297 887 1351 pubescentibus
914 1299 1156 1343 virentibus
1179 1301 1401 1344 interdum
1427 1303 1650 1355 glabratis,
1669 1305 1783 1350 foliis

81 1355 359 1398 inferioribus
392 1359 434 1397 et
467 1356 742 1398 surculorum
771 1357 987 1410 petiolatis
1020 1359 1182 1403 ambitu
1222 1361 1566 1414 ovato-oblongis
1594 1362 1782 1417 pinnati-

83 1416 209 1457 sectis
236 1414 409 1457 racliide
436 1416 519 1456 lata
545 1415 779 1468 segmentis
819 1416 901 1458 late
925 1419 967 1457 et
991 1417 1184 1461 breviter
1206 1419 1649 1472 oblongo-linearibus
1687 1424 1784 1465 bre-

84 1473 195 1516 viter
220 1473 415 1516 3-5-fidis
446 1474 732 1526 integrisque,
766 1475 948 1517 caulinis
986 1477 1106 1518 valde
1145 1478 1395 1528 diminutis,
1423 1479 1624 1532 capitulis
1652 1481 1775 1535 longe

81 1533 383 1586 pedunculatis
412 1533 677 1587 majusculis,
702 1534 914 1576 involucri
943 1534 1217 1579 albo-liirsuti
1247 1537 1405 1590 phyllis
1429 1538 1776 1595 ovato-oblongis

79 1591 163 1634 late
190 1591 588 1645 nigro-marginatis
613 1592 664 1634 ab
692 1592 971 1635 inferioribus
997 1595 1048 1636 ad
1073 1595 1222 1637 intima
1248 1596 1474 1638 sublacera
1491 1598 1653 1640 sensim
1679 1613 1779 1642 auc-

80 1651 150 1702 tis,
178 1651 310 1704 paleis
339 1650 577 1693 linearibus
595 1652 799 1693 carinatis
833 1652 951 1706 apice
978 1654 1115 1696 acutis
1142 1655 1504 1697 subdenticulatis
1528 1657 1781 1709 nigricanti-

81 1709 176 1761 bus,
216 1709 355 1762 ligulis
391 1710 500 1751 albis
540 1710 707 1752 discum
742 1711 1029 1764 aequantibus,
1069 1714 1258 1755 aelieniis
1296 1714 1578 1767 longiusculis
1604 1719 1783 1770 angula-

79 1768 134 1810 tis
171 1769 261 1810 basi
287 1769 521 1811 attenuatis
547 1770 705 1812 corona
741 1769 861 1811 brevi
901 1777 959 1817 26.
987 1771 1256 1824 Pgsrethrum
1280 1772 1422 1814 nivale
1450 1774 1613 1816 Adams
1640 1776 1683 1818 in
1711 1778 1778 1819 W.

80 1827 210 1869 herb!

129 1902 226 1938 Hah.
247 1903 286 1938 in
307 1904 482 1938 Caucaso
503 1903 650 1939 Iberico
670 1903 821 1948 (Stev.),
840 1904 878 1939 in
902 1908 1032 1940 monte
1068 1905 1226 1941 Kasbek
1253 1907 1356 1942 9000'
1377 1907 1517 1945 (Rehm
1532 1910 1572 1952 i),
1590 1908 1781 1945 Orientali

79 1950 179 1985 circa
198 1950 394 1993 Chinalug
412 1950 563 1995 (Stev.).
583 1951 621 1985 in
653 1951 811 1996 regione
831 1952 964 1998 alpina
983 1953 1261 1998 Daghestaniae
1280 1953 1499 1990 8000'-9Soo
1514 1956 1782 2002 (RuprechNJ,

77 1997 119 2031 in
142 2000 273 2032 monte
295 1997 640 2043 Bousdouanslagli
663 1998 776 2033 Ponti
797 1998 921 2033 Lazici
940 2010 1059 2046 supra
1079 1999 1314 2036 Kliabackar
1333 2002 1435 2036 702>t›‘
1456 2002 1593 2048 (Ball).

137 2071 180 2125 β.
217 2070 374 2111 minor.
404 2095 457 2100 —
487 2071 635 2113 Planta
669 2072 984 2125 3-4-pollica1·is
1022 2073 1158 2126 magis
1186 2074 1398 2127 cespitosa
1427 2076 1664 2119 cautliculis
1693 2089 1780 2120 non

78 2129 308 2179 induratis,
337 2129 500 2172 lacIniae
525 2130 724 2173 foliorum
751 2130 975 2173 diminuta}
998 2132 1274 2184 abbreviatae,
1299 2135 1486 2186 capitula
1512 2135 1780 2178 subminora.

126 2204 224 2239 Hab.
235 2205 272 2239 in
291 2204 490 2240 montibus
502 2204 616 2240 elatis
627 2205 1095 2252 Saridaghfiudurdagh,
1105 2207 1353 2243 Artschikala
1367 2209 1645 2254 Daghestania:
1657 2210 1783 2246 9500’-

77 2250 204 2287 105012’
223 2252 437 2298 (Ruprecht
455 2255 492 2296 Ε).

126 2314 266 2350 Caules
289 2315 328 2350 in
347 2317 443 2361 typo
474 2325 562 2350 cuni
599 2315 822 2362 pedunculo
845 2317 1124 2363 'lvi-pedales,
1150 2318 1322 2364 capitula
1341 2329 1386 2353 ea
1406 2318 1693 2356 Leucantlzemi
1704 2321 1781 2358 fere

79 2362 542 2408 aequantia,iuterinediis
565 2363 771 2398 manifeste
792 2363 931 2399 transit
950 2364 1000 2399 ad
1035 2375 1118 2408 vary.
1141 2366 1343 2400 minorem.
1371 2366 1509 2401 Differt
1530 2367 1580 2402 ab
1600 2369 1707 2403 affini
1725 2369 1776 2404 A.

80 2407 321 2456 Carpathio-a*
341 2410 446 2445 foliis
462 2409 690 2455 simpliciter
708 2411 881 2456 pinnatis
900 2411 950 2446 ob
976 2415 1174 2456 segmenta
1195 2413 1427 2448 abbreviata
1441 2414 1594 2449 ambitu
1613 2419 1779 2461 angusto

79 2455 262 2502 oblongis
279 2467 347 2492 nec
368 2458 511 2493 ovatis.
530 2457 687 2492 racbide
706 2458 799 2492 lata.

138 2581 206 2621 21.
242 2580 300 2623 A.
330 2580 855 2634 ptarmicaeformis
878 2581 942 2636 (C.
970 2582 1085 2624 Kocli
1112 2582 1234 2625 Linn.
1257 2584 1412 2635 XXlV,
1438 2599 1477 2640 p.
1508 2586 1613 2640 319)
1642 2587 1777 2629 dense

79 2639 310 2691 cespitosa.
339 2639 575 2682 caudicuiis
617 2640 823 2683 brevibus
864 2641 1171 2688 radicantibus,
1211 2643 1405 2684 caulibus
1443 2644 1565 2686 nanis
1608 2645 1778 2687 inferne

75 2697 239 2741 foliosis
258 2699 298 2740 in
325 2697 619 2752 pedunculnm
645 2699 966 2751 longiusculum
990 2701 1346 2755 monoceplialum
1374 2703 1778 2746 abeuntibus.foliis

84 2756 264 2799 minutis
289 2756 450 2800 ambitu
467 2758 604 2799 ovatis
627 2759 843 2812 petiolatis
863 2759 1070 2812 pinnatim
1090 2760 1154 2801 vel
1175 2760 1516 2813 subbipinnatim
1531 2763 1660 2804 sectis
1681 2762 1777 2804 laci-

84 2815 168 2856 niis
208 2816 357 2870 paucis
394 2816 542 2869 parvis
585 2817 787 2858 confertis
822 2818 961 2859 ovatis
1001 2818 1066 2859 vel
1107 2818 1300 2872 oblongis
1343 2819 1536 2868 obtusis,
1579 2821 1777 2873 capitulis

83 2874 386 2923 mediocribus,
427 2875 636 2917 involucri
681 2875 840 2929 phyllis
884 2877 1096 2918 viridibus
1135 2877 1355 2931 eleganter
1380 2879 1778 2931 nigro-marginatis

82 2931 135 2973 al)
179 2934 337 2975 infimis
379 2934 870 2987 ovato-triangnlaribus
917 2937 1054 2977 acutis
1101 2936 1151 2976 ati
1197 2937 1348 2978 intima
1408 2937 1779 2990 lineari-oblonga

80 2990 232 3035 obtusa
257 2992 416 3034 sensim
441 2993 593 3040 auctis,
618 2994 750 3046 palcis
778 2994 1014 3035 linearibus
1041 2995 1205 3048 plicatis
1233 2996 1351 3049 apice
1387 2996 1571 3049 abrupte
1596 2998 1777 3039 acutatis

1544 3070 1590 3104 19
