2066 3296
124 239 314 278 Carduus.
852 245 1100 272 COMPOSITAE.
1752 238 1821 275 521

124 321 277 364 mediis
299 322 342 363 et
362 319 547 362 interii-is
566 319 650 361 late
667 317 915 360 lanceolatis
938 317 1321 369 enerviis,intimis
1345 319 1545 362 scariosis
1564 320 1693 361 flores
1717 319 1819 361 sub-

123 379 424 435 aequantibus‚
462 377 745 420 acheniorum
779 377 966 419 umbone
993 377 1185 420 breviter
1216 381 1258 419 et
1289 389 1433 420 crasse
1460 378 1650 431 stipitato
1677 381 1823 420 ovato-

124 439 334 494 sphaerico
364 450 448 480 non
475 437 677 490 angulato
703 435 825 490 apice
847 438 1047 478 truncato
1074 440 1139 487 Θ.
1167 436 1221 477 Ic.
1246 436 1380 478 Rclib.
1406 436 1489 478 tab.
1522 437 1613 478 133.

170 519 273 555 Hab.
302 520 342 555 in
375 519 491 555 cultis
524 521 562 554 et
594 517 788 554 ruderatis
822 517 942 554 totius
976 518 1149 564 regionis
1181 529 1205 554 a
1235 518 1401 554 Graecia!
1431 521 1468 553 et
1498 518 1742 555 Macedonia!
1773 519 1822 554 aa

122 566 278 614 Syriam
290 569 311 612 l,
329 568 531 613 Egyptum
541 569 560 610 l,
579 565 765 601 Persiam.

182 649 226 704 β.
252 648 439 691 albidus.
463 672 521 679 -—
545 647 766 691 Involucri
794 648 940 702 phylla
968 650 1225 702 tomentosa‚
1250 648 1323 690 vix
1350 649 1546 691 varietas.
1573 672 1627 679 —
1654 647 1692 690 C.
1717 646 1826 689 albi-

124 707 207 750 dus
233 708 339 751 Μ.Β.
365 709 495 751 Taur.
525 707 649 750 Cauc.
677 708 730 758 ΙΙ,
755 720 798 761 p.
824 709 921 749 269.

169 791 272 827 Hah.
290 801 380 827 cum
399 793 495 838 typo
513 792 554 827 in
572 790 740 827 Graecia!
759 790 1084 826 Transcaucasia!
1101 791 1251 826 Persia!

181 892 220 931 y.
250 870 481 914 Arabicas.
508 897 561 902 —
581 871 707 914 Rami
740 871 972 926 angustius
1003 871 1103 913 alati
1139 883 1332 925 superne
1370 872 1488 923 nudi,
1524 872 1622 913 solia
1649 872 1825 914 brevius

123 935 166 975 et
200 931 377 975 tenuius
403 931 642 985 spinulosa‚
679 931 827 986 planta
855 941 971 982 saepe
997 930 1205 972 humilior
1231 930 1342 973 foliis
1380 930 1657 972 inferioribus
1694 930 1826 971 inter-

124 992 227 1034 dum
252 991 396 1033 minus
422 989 634 1044 profunde
655 989 826 1042 lobatis,
847 989 1061 1031 involucri
1087 989 1229 1042 phylla
1255 989 1382 1031 etiam
1406 989 1554 1030 inlinia
1576 988 1825 1030 abbreviata

125 1049 569 1103 oblongo-lanceolam
613 1048 877 1092 subenervia
924 1048 967 1090 in
1016 1047 1234 1101 spinulam
1277 1048 1578 1090 brevissimam
1611 1047 1826 1096 allenium,

121 1108 272 1152 intima
301 1110 421 1161 apice
455 1119 680 1163 purpurea
717 1108 862 1150 minus
894 1107 1152 1150 acuminata.
1180 1130 1226 1138 -
1261 1105 1300 1148 C.
1326 1105 1543 1148 Arabe'cns
1570 1107 1687 1159 Jacq.
1717 1104 1820 1146 Coll.

125 1167 157 1221 Ι,
185 1180 225 1222 p.
254 1169 322 1210 56.
346 1168 402 1209 Ic.
433 1167 516 1209 tab.
546 1168 641 1209 166.
671 1167 794 1221 (Icon
819 1167 935 1209 inter
959 1166 1068 1208 lianc
1094 1164 1274 1208 formam
1299 1169 1341 1208 et
1364 1169 1518 1219 typum
1543 1163 1709 1218 dubia.)

170 1248 271 1284 Hah.
290 1249 330 1284 in
350 1249 495 1284 Arabia
511 1251 645 1295 petrea
660 1248 850 1294 (Sonimp.
869 1247 956 1284 130!
975 1247 1134 1292 Boissl)‚
1152 1247 1266 1291 Syria
1284 1247 1387 1283 circa
1404 1247 1640 1281 Damascum
1657 1245 1827 1289 (Gailll),

125 1296 279 1343 Aleppo
296 1296 522 1340 (Hausskl),
540 1296 580 1331 in
601 1296 753 1332 Libano
772 1306 893 1342 prope
914 1295 1097 1330 Hasroun
1111 1294 1222 1338 (Bu),
1242 1294 1282 1329 in
1301 1294 1452 1330 deserto
1468 1293 1544 1328 Ras
1560 1293 1594 1328 el
1610 1293 1683 1328 Ain
1701 1292 1826 1327 Meso-

123 1343 310 1391 potamiae
328 1343 555 1389 (Hausski),
574 1343 886 1379 Transcaucasia
903 1342 953 1378 ad
976 1342 1091 1377 Baku
1111 1341 1232 1386 (Seidl
1244 1343 1271 1386 1)

184 1424 222 1468 δ.
249 1423 463 1467 cinereus.
485 1450 530 1455 —
548 1424 701 1478 Phylla
724 1424 974 1466 abbreviata
1000 1423 1176 1465 enervia
1204 1423 1397 1465 breviter
1419 1424 1669 1464 iiiuci‘onatzi
1690 1421 1829 1462 varie-

124 1485 225 1527 tatis
248 1504 273 1543 y
301 1483 379 1526 sed
405 1484 593 1539 capitula
619 1482 902 1525 subsolitaria
929 1482 1187 1536 pedunculis
1219 1494 1303 1523 non
1327 1480 1700 1535 alato-spinulosis
1726 1479 1829 1521 insi-

125 1543 283 1585 dentia.
307 1567 365 1573 —
387 1542 428 1585 G.
454 1542 654 1584 cinereus
681 1541 788 1584 ΜΒ.
814 1542 944 1584 Taua
970 1541 1095 1583 Cauc.
1122 1540 1174 1592 ii,
1202 1554 1239 1594 p.
1268 1542 1365 1582 0270.

174 1625 276 1661 Hah.
298 1625 337 1660 in
357 1624 532 1660 Caucaso
550 1626 648 1671 sept.
668 1623 719 1659 ad
738 1623 872 1659 Kislar
889 1633 1012 1670 prope
1028 1623 1063 1658 ss.
1083 1622 1209 1658 Terek
1226 1622 1371 1667 (MR),
1390 1621 1660 1667 Dagliestania
1679 1621 1828 1665 (εἷεν),

129 1683 238 1719 prov.
258 1672 591 1708 Transcaucasica
609 1671 821 1717 Karabagh
840 1670 891 1706 ad
910 1670 1195 1716 Schahbulagh
1213 1671 1331 1714 (Szov
1343 1672 1380 1714 l).

174 1745 328 1792 Species
359 1745 625 1792 polymorpha
644 1744 779 1780 formis
797 1745 907 1788 cuius
936 1744 1126 1779 transitus
1157 1741 1353 1778 manifesti
1370 1741 1552 1777 videntur
1571 1742 1607 1775 et
1636 1739 1685 1774 ad
1710 1749 1828 1784 quain

127 1791 166 1830 C.
185 1793 415 1839 tenuzfloms
432 1792 540 1828 Curt.
561 1794 606 1828 ut
623 1792 794 1827 varietas
813 1791 935 1826 ramis
953 1790 1073 1826 latius
1092 1789 1207 1825 alatis
1227 1799 1383 1836 quoque
1401 1787 1639 1824 referendus.

171 1866 235 1901 Ar.
257 1864 392 1910 Geoqr.
420 1865 578 1911 Europa
602 1863 785 1899 australis
809 1862 941 1898 omnis
957 1866 996 1898 et
1023 1861 1154 1897 media
1179 1862 1248 1897 ubi
1267 1861 1401 1896 forsan
1428 1860 1680 1902 introductus,
1698 1857 1828 1893 Africa

127 1911 312 1957 borealis,
328 1912 474 1948 Insulae
494 1910 767 1947 Canarienses.

195 2062 258 2103 18.
295 2061 348 2104 C.
382 2060 794 2103 marmoratus
826 2056 988 2112 (Boiss.
1016 2059 1058 2099 et
1077 2055 1226 2098 Heldr.
1252 2054 1398 2107 Diagn.
1422 2053 1513 2095 Ser.
1540 2052 1591 2102 ΙΙ,
1620 2053 1659 2104 3,
1682 2064 1723 2103 p.
1751 2047 1829 2103 43)

128 2119 329 2163 caulibus
355 2119 478 2162 elatis
505 2118 684 2161 sulcatis
709 2115 1085 2170 glabi'escei.tibus
1111 2112 1419 2157 ramosissimis
1454 2112 1673 2164 ramisque
1708 2109 1829 2150 alatis

130 2178 211 2221 alis
249 2178 573 2232 angustissimis
612 2175 950 2230 lebam-partitis
988 2175 1112 2227 longe
1148 2172 1337 2226 spinosis
1375 2172 1417 2213 in
1458 2173 1577 2224 pai-te
1613 2167 1828 2222 superiori

126 2237 290 2291 ..plantae
324 2237 376 2278 ad
411 2236 559 2292 spinas
592 2234 760 2289 patulas
788 2234 955 2278 validas
984 2234 1130 2286 longas
1162 2231 1368 2282 reductis,
1394 2229 1504 2272 foliis
1539 2240 1671 2280 supra
1701 2226 1828 2268 visci-

131 2295 247 2339 dulis
293 2294 690 2339 albo-iiiarnioi·atis
735 2294 893 2336 subtus
940 2289 1522 2335 araneoso-canescentibus,
1550 2285 1828 2327 inferioribus

131 2354 327 2397 obovatis
349 2355 395 2397 in
413 2354 588 2397 lacinias
614 2353 870 2396 rotundatas
892 2352 1054 2394 lobatas
1075 2350 1214 2391 valide
1232 2352 1274 2391 et
1294 2349 1418 2401 longe
1441 2346 1640 2401 spinosas
1660 2344 1828 2385 inferne

131 2412 434 2457 decrescentes
457 2410 978 2467 lyrato-pinnatiparsstis,
998 2408 1302 2464 superioribus
1320 2407 1372 2448 ad
1390 2406 1538 2461 spinas
1561 2405 1708 2455 longas
1730 2402 1829 2442 vali-

134 2471 211 2514 das
242 2474 453 2526 palmatas
494 2472 700 2524 reductis,
724 2470 924 2524 capitulis
952 2470 1025 2510 3-5
1053 2467 1250 2520 oblongis
1283 2464 1462 2508 minutis
1487 2461 1717 2505 sessililius
1743 2463 1829 2500 ter-

132 2531 367 2574 minalibus
393 2530 643 2585 glomeratis
669 2529 809 2584 spinis
836 2528 1055 2582 supremis
1088 2526 1247 2579 saepius
1275 2523 1480 2569 suffultiS,
1507 2519 1716 2563 involucri
1742 2518 1828 2571 gla-

132 2588 376 2632 brescentis
398 2590 559 2645 phyllis
591 2587 1050 2641 oblongo—lanceolatis
1078 2586 1121 2626 in
1159 2584 1329 2638 spinam
1363 2581 1616 2636 adpressain
1650 2577 1827 2641 brevem

133 2647 398 2691 abeuntibus
422 2648 585 2691 intimis
612 2648 816 2690 scariosis
838 2644 1094 2689 acuminatis
1120 2642 1321 2685 flosculos
1349 2650 1594 2694 purpureos
1621 2638 1830 2701 aequanti-

133 2704 230 2758 bus,
255 2707 536 2750 acheniorum
560 2706 748 2749 umbone
769 2705 937 2748 minuto
957 2702 1168 2757 sphaerico
1191 2700 1380 2743 tenuiter
1412 2697 1602 2750 stipitato
1631 2694 1826 2737 radiatim

133 2764 386 2809 subsulcato
417 2770 482 2816 O.

179 2847 281 2884 Hab.
298 2849 339 2884 in
356 2848 473 2884 cultis
491 2851 530 2884 et
548 2847 749 2884 sterilibus
767 2846 975 2882 Messeniae
992 2845 1094 2880 circa
1111 2843 1230 2889 Pylos
1247 2839 1431 2886 (Heldri).

181 2917 321 2954 Diss'ert
342 2930 366 2954 a
390 2918 526 2954 formis
546 2918 582 2955 C.
604 2917 888 2966 pyenoeephalz'
904 2917 1028 2963 spinis
1048 2914 1191 2950 validis
1209 2923 1314 2959 saepe
1334 2909 1589 2963 pollii-arlbnrs
1608 2907 1764 2960 alui-uni
1792 2907 1829 2939 et

132 2962 317 3000 foliorum
349 2966 607 3012 superiorum,
626 2964 858 3012 phyllorum
890 2964 1004 3010 spina
1034 2962 1144 2997 brevi
1164 2960 1232 2996 sed
1258 2958 1451 2999 validiori,
1477 2965 1637 3006 :ominis
1659 2953 1830 3005 umbone

133 3011 297 3048 sulcato.
327 3012 365 3049 C.
394 3012 681 3058 cephalanthus
705 3012 788 3048 Viv.
817 3021 973 3058 quoque
1004 3010 1121 3055 longe
1151 3008 1333 3054 spinosus
1364 3015 1386 3039 a
1419 3006 1549 3039 nostro
1579 3002 1830 3044 distinguitur
