2090 3291
240 237 311 274 (350
964 238 1207 265 composrrAE.
1692 227 1931 265 Centaurea.

241 317 366 360 duris
398 314 570 357 flavidis
605 311 852 354 lanceolatis
879 324 902 352 a
938 310 1081 352 medio
1114 310 1238 362 longe
1270 308 1662 362 ciliato-pectinatis
1693 308 1738 350 in
1768 309 1937 361 spinam

240 378 399 417 rectam
436 373 581 414 rarius
614 371 802 424 patulam
842 369 952 410 ciliis
993 368 1153 421 saepius
1189 368 1428 421 longiorem
1467 367 1714 416 attenuatis,
1746 367 1938 411 flosculis

242 433 371 475 luteis
394 444 477 474 non
497 429 781 478 radiantibus,
804 429 934 482 pappi
961 427 1048 469 albi
1073 426 1188 469 serie
1210 426 1470 468 intermedia
1492 426 1668 469 achenio
1693 426 1939 480 aequilonga

240 492 411 533 interna
433 490 568 532 multo
592 488 796 530 breviore
818 486 886 540 (2).
916 485 956 527 C.
980 484 1202 526 aeanthina
1227 484 1368 527 Boiss.
1399 487 1443 527 et
1466 483 1614 526 Heldr.
1652 484 1754 527 Mss.

286 562 389 597 Hah.
423 562 462 596 in
490 561 638 595 Isthmo
666 558 913 594 Corinthiaco
935 559 1035 592 inter
1065 556 1276 592 Kalamaki
1300 560 1338 592 et
1362 556 1527 592 Lutraki
1553 556 1673 601 (Sam.
1707 559 1745 592 et
1773 557 1940 601 Guiccl),

243 611 400 654 regione
417 608 527 643 infer.
545 606 729 641 Parnassi
742 616 763 640 a
783 605 962 640 Lebadea
979 604 1028 639 ad
1046 604 1231 639 Rachova
1245 603 1474 640 3000’3500’
1493 604 1645 648 (Guiccl
1658 603 1766 650 Orph
1798 604 1854 639 Fi.
1873 604 1938 639 Gr.

241 666 324 691 exs.
357 655 472 699 3070,
502 654 551 689 ad
584 653 732 688 radices
763 653 909 687 montis
940 651 1076 686 Pelion
1107 651 1324 686 Thessaliae
1357 660 1476 697 prope
1503 650 1625 686 Volos
1658 651 1800 695 (Auch.
1829 651 1940 687 3191!

241 702 359 749 Orph.
378 701 435 736 Fi.
454 702 519 736 Gr.
540 710 619 735 exs.
638 698 941 744 7361).F1.Jun.
961 698 1035 733 Jul.

287 764 442 800 Pedalis
468 766 506 798 et
529 763 667 798 elatior
695 761 906 797 dumulosa
933 761 1205 808 polycephala,
1235 760 1331 796 folia
1359 772 1481 808 parva
1511 761 1659 805 brevia,
1684 761 1855 808 capitula
1885 761 1941 798 eis

243 811 284 848 C.
298 810 542 858 pam'culatoe
552 810 782 854 submajora
797 822 805 853 ;
819 809 987 854 insignis
1002 808 1175 844 flosculis
1192 807 1308 843 luteis
1327 818 1405 843 non
1420 808 1677 844 radiantibus.
1693 811 1724 844 A
1745 808 1781 844 C.
1793 807 1941 856 dzffusd

239 858 424 904 capitulis
440 857 667 902 majoribus,
678 855 828 902 phyllis
844 856 1006 891 brevius
1024 855 1392 901 spinosis,acheniis
1407 855 1524 900 longe
1539 856 1728 902 papposis
1742 855 1939 898 distincta,

301 984 368 1024 77.
398 983 438 1025 C
476 980 858 1037 Orphanidea
880 980 1048 1035 (Heldr.
1073 983 1116 1022 ct
1142 979 1253 1023 Sart.
1278 980 1322 1022 in
1349 980 1502 1033 Diagn.
1527 979 1620 1023 Ser.
1647 980 1701 1033 ΙΙ,
1729 981 1769 1030 3,
1795 993 1834 1034 p.
1866 979 1939 1037 73)

238 1052 718 1093 araneoso-canescens,
742 1040 937 1082 caulibus
953 1041 1042 1094 jam
1069 1039 1197 1093 paulo
1220 1051 1355 1093 supra
1377 1039 1501 1081 basin
1520 1038 1761 1082 dicliotome
1776 1043 1818 1082 et
1838 1040 1940 1082 sub-

240 1100 506 1142 divaricatim
547 1098 857 1141 ramosissimis
887 1098 1110 1151 ramisque
1146 1098 1306 1140 crassis
1333 1098 1484 1151 rigidis
1514 1098 1726 1150 angulatis
1761 1099 1940 1151 foliosis,

241 1159 351 1200 foliis
377 1158 577 1211 rigidulis
601 1158 812 1200 scabridis
836 1156 1116 1199 inferioribus
1144 1157 1338 1200 breviter
1368 1156 1585 1210 petiolatis
1615 1157 1783 1200 caeteris
1810 1157 1940 1200 sessi-

240 1217 357 1258 libus
385 1217 587 1259 omnibus
615 1217 659 1258 in
687 1216 861 1259 lacinias
891 1216 1048 1259 breves
1073 1216 1281 1269 oblongas
1313 1219 1593 1258 mucronatas
1621 1227 1747 1269 parce
1774 1216 1940 1259 lobatas

242 1276 310 1317 vel
340 1276 531 1328 integras
558 1275 898 1329 pinnatipartitis
928 1274 1112 1317 summis
1140 1275 1320 1317 minutis
1343 1273 1540 1327 integris,
1565 1274 1767 1328 capitulis
1793 1274 1940 1317 solita-

242 1334 320 1376 riis
344 1334 636 1376 mediocribus
662 1333 1022 1385 ovato-oblongis,
1045 1333 1259 1375 involucri
1283 1332 1419 1386 glabri
1447 1333 1609 1386 phyllis
1634 1332 1818 1376 laevibus
1844 1333 1940 1375 infi-

242 1393 324 1434 mis
362 1393 704 1445 triangularibus
741 1392 909 1435 caeteris
947 1392 1194 1434 lanceolatis
1237 1392 1357 1447 apice
1400 1392 1669 1445 longiuscule
1706 1394 1942 1446 pectinato-

238 1451 392 1494 ciliatis
424 1452 765 1493 l’uscescentibus
802 1451 844 1493 in
883 1452 1049 1505 spinam
1082 1451 1245 1493 fulvam
1277 1450 1721 1504 erecto-subpatulam
1753 1451 1938 1494 validam

239 1510 348 1552 ciliis
377 1510 508 1564 triplo
533 1511 772 1563 longiorem
803 1510 1052 1561 attenuatis,
1081 1510 1275 1552 flosculis
1302 1509 1539 1564 purpureis
1568 1509 1939 1563 subradiantibus,

240 1568 367 1622 pappi
397 1569 510 1610 serie
530 1569 786 1611 intermedia
814 1570 991 1611 achenio
1018 1581 1154 1623 parvo
1181 1569 1424 1623 aequilonga
1450 1569 1519 1623 Θ.

284 1641 388 1676 Hab.
410 1642 448 1676 in
468 1641 616 1688 campis
636 1642 772 1676 Atticae
800 1652 920 1688 prope
949 1641 1109 1677 Eleusin
1137 1641 1296 1688 (Sprun.
1315 1642 1401 1677 exs!
1420 1641 1495 1677 sub
1533 1640 1573 1677 C.
1601 1638 1791 1687 viryatd),
1819 1649 1940 1686 prope

239 1687 367 1733 Hagia
383 1688 577 1733 Glykaria
590 1692 628 1723 et
644 1689 693 1723 ad
711 1689 860 1724 radices
875 1689 1092 1724 Parnethos
1108 1688 1279 1734 (Heldrl,
1295 1688 1417 1736 Orph.
1435 1688 1491 1724 Fl.
1508 1688 1713 1732 exs.1241).
1735 1687 1793 1722 Fi.
1810 1688 1928 1723 ,Iunio

287 1751 474 1796 Dumosa,
494 1751 645 1799 pedalis
663 1751 727 1787 vel
747 1751 935 1787 humilior
948 1752 1038 1787 laxe
1057 1751 1544 1799 paniculato-corymbosa
1563 1751 1816 1797 rigidissima,
1835 1750 1940 1797 capi-

236 1798 318 1834 tula
336 1800 498 1844 magnit.
522 1798 558 1834 C.
581 1798 702 1835 Pelz'ae
719 1810 741 1834 a
765 1801 842 1845 qua
860 1799 989 1834 differt
1006 1800 1126 1834 ramis
1146 1802 1183 1836 et
1206 1799 1370 1835 ramulis
1390 1799 1533 1834 crassis
1558 1799 1662 1834 hisce
1684 1798 1940 1843 abbreviatis,

237 1845 463 1891 phyllorum
485 1847 599 1893 spina
617 1846 741 1882 multo
759 1846 951 1882 validiore
968 1846 1055 1881 basi
1074 1847 1305 1890 lanceolata,
1319 1846 1492 1883 flosculis
1510 1846 1644 1882 roseis.

854 1975 918 1992 O*

945 1976 963 1992 ¹
991 1975 1009 1992 *
1041 1976 1322 2022 Cylindraceae.

300 2082 366 2123 78.
394 2081 446 2124 C.
474 2080 695 2125 diffusa
722 2081 856 2136 (Lam.
887 2083 996 2126 Dict.
1027 2083 1059 2132 Ι,
1088 2096 1128 2137 p.
1158 2083 1266 2151 675)
1290 2095 1445 2138 aspera
1471 2084 1630 2138 pallide
1654 2084 1817 2135 virens,
1840 2096 1940 2127 cau·

238 2140 353 2182 libus
374 2141 531 2183 erectis
545 2142 761 2194 angulatis
779 2142 868 2185 fere
885 2155 907 2183 a
925 2142 1017 2184 basi
1037 2143 1306 2185 divaricatim
1318 2146 1362 2185 et
1382 2143 1616 2186 intrlcatim
1627 2143 1939 2187 ramosissimis

236 2199 460 2252 ramisque
478 2199 630 2251 rigidis
654 2201 1190 2254 paniculato·corymbosis
1208 2201 1516 2257 polycephalis‚
1538 2202 1651 2244 soliis
1675 2201 1938 2245 radicalibus

236 2257 318 2299 cito
345 2258 570 2300 exsiccatis
599 2259 900 2312 subpetiolatis
927 2260 993 2301 vel
1021 2260 1250 2303 sessilibus
1275 2261 1441 2304 ambitu
1466 2260 1871 2314 elliptico·oblongis
1894 2261 1936 2302 in

238 2315 412 2357 lacinias
433 2317 620 2359 minutas
634 2317 839 2370 oblongas
862 2323 1138 2362 mucronatas
1163 2319 1565 2374 bipinnatipartitis,
1581 2320 1764 2362 caulinis
1786 2315 1940 2362 abbre'-

239 2374 366 2416 viatis
393 2375 621 2417 sessilibus
645 2377 984 2429 paucilaciniatis
1006 2381 1049 2420 et
1073 2378 1258 2420 summis
1279 2378 1495 2425 indivisis,
1512 2378 1714 2433 capitulis
1732 2378 1939 2421 solitariis

238 2433 432 2475 breviter
478 2435 782 2488 pedunculatis
824 2436 1128 2480 terminalibus
1169 2436 1264 2479 basi
1307 2437 1466 2490 saepius
1514 2436 1746 2480 bracteatis
1790 2436 1938 2490 parvis

240 2492 450 2544 oblongis,
473 2493 687 2535 involucri
707 2494 874 2537 minute
896 2495 1378 2549 glanduloso-pruinosi
1396 2495 1561 2550 phyllis
1578 2495 1781 2539 scariosis
1805 2495 1940 2538 coria·

240 2550 325 2592 ceis
360 2551 531 2592 flavidis
565 2551 814 2595 lanceolatis
847 2554 974 2606 longe
1008 2557 1051 2597 et
1080 2554 1222 2608 rigide
1261 2554 1666 2609 spinuloso-ciliatis
1697 2554 1741 2596 in
1769 2554 1941 2608 spinam

241 2609 413 2661 patulo·
429 2621 658 2652 recurvam
702 2612 981 2654 lanceolatam
1024 2613 1086 2655 eis
1136 2613 1374 2666 longiorem
1413 2612 1676 2656 abeuntibus
1694 2647 1704 2662 ,
1745 2612 1941 2655 flosculis

240 2668 379 2710 roseis
404 2668 557 2710 albidis
586 2669 651 2710 vel
680 2670 852 2713 flavidis
879 2671 952 2713 vix
984 2671 1270 2721 radiantibus,
1297 2672 1488 2714 acheniis
1513 2672 1647 2715 calvis
1670 2671 1737 2727 Θ.
1774 2670 1814 2714 G.
1836 2682 1942 2723 par·

240 2724 398 2777 viflora
422 2726 484 2768 Fl.
514 2726 649 2770 Graec.
676 2727 729 2781 X,
753 2741 793 2781 p.
822 2730 865 2779 9,
892 2729 977 2771 tab.
1002 2731 1087 2772 91⁴2
1116 2743 1203 2772 non
1229 2730 1351 2773 Desf.
1392 2754 1451 2760 —
1480 2730 1521 2773 C.
1555 2729 1759 2783 calolepis
1792 2730 1934 2772 Boiss-

241 2782 393 2837 Diagn.
425 2784 519 2827 Ser.
547 2786 578 2836 I,
605 2787 643 2836 6,
665 2800 706 2841 p.
736 2788 831 2829 129.
859 2788 915 2830 Ic.
941 2789 1087 2831 Tcliih.
1117 2789 1223 2843 Voy.
1253 2790 1333 2832 tab.
1363 2790 1433 2832 31.

288 2860 390 2896 Hah.
412 2861 452 2896 in
480 2862 678 2898 sterilibus
704 2863 944 2899 Macedoniae
967 2865 1015 2900 ad
1033 2864 1357 2901 Thessalonicam
1378 2864 1535 2910 (Heldrl
1554 2863 1672 2908 Orph.
1692 2863 1749 2900 Fi.
1769 2863 1837 2899 Gr.
1857 2872 1941 2899 exs.

239 2907 354 2952 7431),
372 2908 423 2943 ad
440 2908 675 2945 szantium
691 2910 820 2954 (Noel,
835 2910 992 2955 Cleml)‚
1014 2911 1199 2947 Anatolia
1215 2912 1256 2947 in
1274 2912 1452 2947 arenosis
1470 2911 1636 2947 vallium
1661 2910 1800 2957 Lydiae
1817 2919 1939 2956 prope

240 2952 431 2998 Kassaba‚
452 2946 771 3003 P'hiladelphiam
792 2957 974 3003 (Boissl)‚
997 2958 1046 2993 ad
1066 2958 1275 3004 Smyrnam
1297 2958 1471 3002 (Heldr!,
1495 2958 1578 2994 Bal.
1604 2957 1721 3004 2661),
1739 2957 1888 2994 Pisidia
1903 2957 1943 2992 et

240 2999 476 3048 Pamphylia
493 3002 688 3049 (Heldrl),
707 3003 824 3040 Caria
843 3005 1051 3050 (Pinardl)‚
1069 3005 1191 3051 Lycia
1210 3006 1259 3041 ad
1279 3005 1439 3041 Elmalu
1456 3005 1658 3051 (Bourgl).
