2066 3296
92 232 276 269 Gir-scum.
622 226 625 229 ⁴
825 238 1073 264 composrrAE.
1729 233 1799 269 541

98 312 298 351 brevibus,
316 309 441 346 caulis
455 309 703 356 2-4—pedalis.
724 309 879 355 Species
897 308 1057 355 elegans
1085 308 1190 344 foliis
1208 309 1438 345 creberrime
1464 312 1501 345 et
1526 312 1692 347 tenuiter
1719 313 1796 358 spi-

97 360 204 395 nosis
238 357 275 394 C>
309 356 577 394 scleranthum
608 356 709 392 ΜΒ.
736 356 907 391 referens
925 356 993 391 sed
1021 355 1270 401 glaberrima,
1299 356 1581 392 inflorescentia
1602 369 1802 394 racemosa

95 416 169 490 Sec
198 404 445 459 corymbosa,
471 403 644 451 capitula
673 402 791 450 triplo
821 403 976 438 minora
1007 404 1061 438 eis
1091 403 1128 439 C.
1159 402 1334 439 arvensis
1364 414 1443 438 non
1474 406 1631 449 majora,
1662 406 1800 452 phylla

128 462 384 489 iversissima.

159 561 228 602 44.
264 558 318 603 C.
353 556 726 601 obvallatum
759 556 885 612 (MR.
920 557 1050 599 Taur.
1089 556 1212 599 Cane.
1250 556 1302 606 ΙΙ,
1342 571 1378 610 p.
1416 559 1499 599 279
1531 560 1612 601 sub
1648 557 1800 614 Cnico)

98 617 444 673 glabriusculum
480 616 639 671 pallide
667 616 828 661 virens.
857 616 1052 659 caulibus
1080 616 1236 658 erectis
1261 616 1421 658 foliosis
1448 618 1714 669 simplicibus
1735 621 1798 660 vel

95 678 219 732 apice
242 684 370 732 parce
389 675 675 729 corymbosis‚
693 675 804 717 foliis
823 675 1030 717 tenuibus
1052 675 1247 728 rigidulis
1269 674 1310 716 in
1333 680 1554 729 segmenta
1573 689 1799 719 numerosa

101 740 225 779 ovata
253 735 523 778 divaricatim
546 738 589 776 et
623 734 840 788 profunde
875 733 1015 776 lobata
1047 733 1581 788 sinuato-pinnatipartitis
1609 735 1672 775 vel
1706 734 1800 776 fulls

93 795 365 839 «creberrime
403 793 594 835 tenuiter
637 796 679 836 et.
723 793 847 846 longe
888 791 1258 845 umido-spinosis,
1285 794 1547 835 radicalibus
1572 793 1798 846 petiolalis.

95 854 282 896 caulinis
298 851 892 908 ainplexicauli-auriculatis‚
905 851 1106 904 capitulis
1120 851 1418 892 terminalibus
1433 852 1645 904 congestis
1662 852 1803 893 rarius

96 912 308 956 solitariis
332 912 444 954 foliis
464 910 685 964 supremis
709 910 897 964 capitula
921 909 1236 952 occultantibus
1266 910 1394 951 flores
1416 910 1726 964 superantibus
1751 912 1801 953 ad

94 972 249 1026 spinas
284 976 438 1013 tenues
477 969 828 1023 pinnatipartitas
854 969 1047 1011 reductis
1073 967 1303 1009 bractealis
1332 968 1468 1009 ovans
1495 968 1801 1020 mediocribus,

97 1030 316 1073 involucri
349 1029 507 1084 phyllis
534 1028 785 1071 lanceolatis
813 1040 1007 1082 superne
1034 1027 1263 1080 triquetris
1298 1027 1519 1080 adpressis
1558 1028 1600 1068 in
1635 1028 1803 1081 spinam

97 1092 276 1133 tenuem
307 1087 584 1140 abeuntibus,
606 1086 794 1129 internis
822 1086 1094 1141 longioribus
1113 1086 1316 1128 scariosis
1341 1097 1532 1138 superne
1560 1086 1805 1138 serrulatis,

99 1147 296 1191 flosculis
323 1146 432 1189 albis
469 1152 527 1194 26.
560 1143 604 1188 C.
634 1144 901 1187 obvallatum
927 1158 1008 1188 nc.
1037 1144 1190 1187 Prodr.
1217 1145 1289 1196 VI,
1315 1157 1355 1198 p.
1383 1145 1480 1186 661.

150 1221 249 1256 Hab.
269 1220 310 1255 in
329 1219 505 1255 humidis
523 1219 670 1266 alpinis
687 1219 808 1255 totius
828 1219 994 1255 Caucasi
1012 1217 1139 1262 (M.B.‚
1161 1217 1251 1253 C.A.
1273 1217 1408 1262 Meyl),
1428 1216 1589 1252 Caucasi
1609 1218 1807 1252 orientalis

101 1269 146 1304 in
165 1267 376 1303 Tuschetia
401 1270 440 1302 et
461 1265 732 1312 Daghestania
748 1265 980 1302 7000’-950‘›’
1000 1265 1172 1312 [Ruprl)‚
1193 1265 1373 1310 Georgiae
1400 1264 1622 1299 Caucasicoe
1650 1264 1757 1307 (Hoh
1771 1265 1808 1308 l),

104 1316 248 1352 Persiae
267 1313 439 1350 borealis
460 1314 500 1349 in
520 1316 651 1349 monte
669 1312 816 1349 Elbrus
834 1312 976 1358 (Aueh.
994 1313 1116 1358 48141,
1136 1312 1208 1358 Ky.
1226 1312 1329 1357 450).

149 1377 285 1414 Facies
304 1376 341 1414 C.
358 1376 621 1424 spinosissimi
637 1387 659 1412 a
678 1388 756 1424 quo
771 1376 900 1413 differt
916 1376 1023 1413 foliis
1043 1375 1276 1423 profundius
1295 1376 1434 1411 divisis
1455 1375 1611 1420 longius
1626 1375 1808 1420 spinosis,

103 1424 298 1461 involucri
315 1424 442 1471 spinis
459 1424 647 1460 brevibus
662 1434 733 1460 nec
749 1424 889 1472 phylla
903 1424 991 1471 ipsa
1006 1422 1254 1470 longitudine
1269 1423 1565 1470 superantibus3
1583 1423 1701 1468 pappi
1716 1426 1808 1456 setae

100 1472 299 1520 longiores
317 1474 361 1508 ut
379 1471 420 1508 in
441 1471 574 1508 Cirsiis·
591 1471 774 1519 pluribus
793 1471 904 1519 apice
921 1471 1106 1508 dilatatae.

164 1587 233 1628 45.
269 1585 321 1629 C.
355 1585 769 1629 Pannonicum
800 1585 917 1642 (Lin.
941 1586 1000 1629 fil.
1025 1585 1178 1640 Suppl.
1203 1597 1243 1639 p.
1269 1585 1352 1626 348
1376 1583 1457 1626 sub
1479 1582 1669 1635 Carduo)
1700 1581 1806 1622 radi-

99 1645 164 1689 cis
190 1644 377 1699 obliquae
403 1644 528 1686 libris
556 1644 847 1698 filiformibus,
870 1645 992 1688 caule
1018 1645 1189 1688 inferne
1219 1643 1367 1686 solioso
1392 1653 1582 1695 superne
1613 1641 1805 1694 squamis

106 1703 219 1747 raris
241 1703 458 1746 instructo
488 1704 775 1758 1—2·cephalo,
807 1703 1068 1758 pedunculis
1096 1702 1306 1756 elongatis
1336 1701 1466 1744 nudis
1492 1699 1805 1747 aracliuoideis,

103 1763 219 1806 foliis
240 1773 369 1817 parce
392 1762 617 1816 papillosis
644 1763 804 1818 pallide
826 1763 1074 1806 virentibus
1101 1762 1258 1805 subtus
1283 1757 1670 1815 subpallidioribus
1699 1758 1804 1799 inte-

99 1821 195 1876 gris
216 1821 411 1874 oblongis
436 1821 962 1875 spinuloso-denticulatis
989 1821 1150 1864 infimis
1177 1819 1371 1863 breviter
1397 1816 1611 1873 petiolatIS
1637 1816 1805 1857 caeteris

106 1893 242 1934 supra
263 1880 388 1923 basin
415 1880 609 1923 breviter
637 1880 943 1923 decurrentem
971 1881 1228 1933 angustatis,
1252 1877 1452 1932 capitulis
1480 1876 1618 1918 ovatis
1650 1875 1807 1916 inedio-

102 1939 267 1992 cribus,
294 1938 511 1982 involucri
538 1951 667 1993 parce
700 1940 976 1983 arachnoidei
1003 1939 1160 1993 phyllis
1192 1939 1243 1981 ab
1276 1936 1438 1979 intimis
1468 1933 1808 1986 triangularibus

108 1997 246 2041 acutis
292 1997 488 2041 breviter
529 1998 1019 2054 attenuato-spinulosis
1065 1999 1118 2041 ad
1164 1998 1316 2039 intima
1357 1994 1547 2038 tenuiter
1585 1992 1807 2045 cuspidata

103 2057 333 2110 elongatis,
363 2057 537 2100 corollae
562 2057 692 2100 limbo
720 2057 991 2112 longitudine
1025 2058 1181 2101 tubum
1216 2058 1451 2110 superante
1489 2058 1524 2099 26
1541 2085 1549 2093 .
1581 2053 1637 2094 Ic.
1671 2051 1803 2093 Rchb.

108 2116 192 2158 tab.
231 2116 299 2159 98.
324 2140 381 2146 —-
405 2114 609 2158 Carduus
637 2116 955 2159 serratzoloides
981 2116 1100 2171 Jacq.
1137 2115 1287 2158 Austr.
1321 2114 1414 2156 127.
1454 2136 1499 2141 -
1532 2111 1621 2153 Sui.
1653 2109 1806 2151 Protlr.

111 2174 164 2228 Il,
189 2188 231 2229 p.
258 2175 340 2217 153
363 2187 451 2219 non
473 2175 520 2218 L.

157 2249 258 2286 Hal).
276 2251 317 2286 in
335 2250 504 2287 Thracia
528 2251 629 2287 inter
647 2250 885 2296 Byzantium
903 2253 941 2286 et
958 2261 1107 2298 pagum
1126 2249 1295 2295 Belgrad
1314 2250 1379 2293 (ex
1398 2246 1543 2291 Sibth).
1564 2245 1651 2280 Nou
1673 2241 1764 2277 vidi.

155 2314 216 2349 Ar.
235 2314 367 2359 Geoqr.
387 2312 500 2349 [talia
516 2313 699 2358 boream,
715 2313 919 2359 Bohemia,
937 2313 1060 2360 Alpes
1081 2313 1308 2357 Austriacae‚
1329 2309 1537 2352 Dalmatia,
1555 2307 1660 2352 regio
1682 2305 1811 2340 Danu-

111 2359 241 2403 bialis,
259 2360 402 2396 Rossia
419 2359 549 2397 media
564 2364 601 2397 et
619 2361 821 2397 australis.

170 2475 240 2515 46.
276 2473 328 2517 C.
361 2483 580 2517 canum
611 2473 679 2529 (L.
708 2473 838 2518 Mant.
870 2475 949 2516 105
973 2473 1055 2516 sub
1082 2471 1276 2525 Car-duo)
1310 2469 1466 2513 radicis
1491 2466 1615 2508 fibris
1642 2462 1811 2506 fusisor-

111 2532 256 2575 mibus
291 2531 566 2584 fasciculatis‚
596 2533 720 2577 caule
750 2533 872 2576 tenui
893 2532 1058 2576 sulcato
1082 2533 1196 2575 ultra
1229 2530 1415 2572 medium
1443 2526 1591 2569 solioso
1623 2532 1813 2589 superne

110 2590 228 2633 nudo
253 2590 523 2644 pedunculos
552 2593 620 2634 1-3
644 2593 866 2646 elongatos
895 2590 1124 2634 subnudos
1159 2586 1468 2631 arachnoideos
1504 2580 1810 2646 edente-tolus

111 2649 361 2693 lanceolatis
391 2661 518 2703 parce
542 2651 843 2694 araclmoideis
868 2650 935 2693 vel
959 2649 1168 2704 glabratis
1191 2647 1385 2701 margine
1413 2639 1812 2705 spinuloso-ciliatis

114 2708 296 2761 integris
328 2708 606 2752 denticulatis
638 2711 708 2753 vel
742 2710 787 2752 in
815 2710 936 2753 lobos
969 2703 1509 2762 triangulari-lanceolatos
1545 2695 1812 2755 pinnatiinlis

113 2766 379 2810 radicalibus
403 2767 635 2822 petiolatis,
662 2768 845 2822 caulinis
869 2769 915 2811 in
947 2768 1038 2810 alas
1070 2764 1401 2819 angustissimas
1433 2762 1624 2811 integras
1659 2756 1813 2819 d⁰⁰¹¹¹ssss

112 2825 325 2875 rentibus,
341 2826 544 2881 capitulis
561 2827 701 2870 ovatis
724 2827 975 2882 majusculis
993 2825 1215 2875 solitariis,
1232 2820 1445 2866 involucri
1465 2829 1592 2874 parce
1612 2814 1811 2880 puberutt

113 2883 271 2937 phyllis
296 2883 349 2926 ab
374 2885 569 2928 externis
594 2885 790 2929 breviter
814 2881 1344 2939 triangulari-lanceolatis
1374 2874 1743 2931 nigro-maculatis
1770 2883 1812 2911 in

111 2942 332 2995 spinulam
356 2942 535 2987 brevem
559 2948 946 3000 erectoepate1item
976 2943 1160 2997 abrupte
1183 2938 1417 2983 attenuatis
1441 2937 1492 2978 ad
1519 2934 1666 2977 intima
1691 2932 1814 2981 longe

114 3002 551 3055 purpureo-scariosa
571 3003 798 3058 elongatis,
813 3003 985 3047 corollae
1003 3001 1132 3044 limbo
1150 3002 1305 3043 tubum
1329 2998 1527 3052 aequante
1547 2992 1611 3034 vel
1637 2989 1814 3033 subbre—
