2090 3291
243 265 315 300 770
976 268 1222 294 composrrAE.
1683 261 1946 302 Sem-zonara.

306 344 372 384 30.
407 341 457 385 S.
486 340 804 385 Austriaca
837 338 1006 393 (Willd.
1030 339 1102 393 Sp.
1123 338 1281 391 P1.111‚
1302 351 1343 392 p.
1366 341 1494 392 1498)
1521 341 1687 399 glabra,
1716 343 1956 388 rhizomate·

244 401 479 456 cylindrico
523 399 719 441 verticali
759 410 950 452 superne
992 399 1190 451 colloque
1234 399 1369 440 dense
1417 399 1607 451 fibrosis‚
1641 402 1763 444 caule
1807 408 1952 446 erecto

246 459 553 515 monocephalo
592 458 658 499 vel
686 468 877 511 superne
914 456 1065 499 stricte
1097 468 1270 499 ramoso
1297 457 1587 512 ali-cephalo,
1616 460 1728 503 foliis
1755 461 1958 515 oblongis.

245 519 313 562 vel
337 517 586 560 lanceolatis
610 516 896 569 plurinerviis
924 515 1208 558 inferioribus
1235 517 1278 558 in
1308 517 1518 569 petiolum
1546 518 1719 572 longum
1755 519 1948 563 breviter

245 578 494 627 attenuatis,
527 575 709 617 caulinis
748 575 837 617 basi
865 578 1088 616 attenuata
1115 574 1617 629 semiamplexicaulihus
1645 579 1950 632 superioribus

246 639 428 689 anguste
473 633 709 676 linearibus
754 634 978 680 brevibus,
1023 633 1222 686 capitulis
1266 634 1532 687 maJusculis,
1576 636 1792 679 involucri
1836 640 1952 680 ovati

246 695 404 748 phyllis
446 692 683 735 imbricatis
724 692 1096 745 albo-marginatis
1139 693 1343 735 ciliatulis
1384 694 1437 736 ab
1476 695 1757 738 inferioribus
1804 700 1953 740 ovato-

246 751 590 806 triangularibus
624 751 792 794 obtusis
823 751 889 792 vel
921 751 1058 793 aculis
1082 751 1136 794 ad
1168 752 1319 795 intima
1349 751 1585 796 lanceolata
1614 755 1769 798 obtusa
1802 758 1952 806 auctis,

248 812 440 854 flosculis
475 811 605 853 luteis
643 810 869 852 involucro
907 811 1346 864 sesquilongioribus,
1385 812 1576 854 acheniis
1608 813 1718 856 albis
1746 814 1959 858 brevibus

245 870 399 913 obtuse
427 869 601 912 costatis
630 882 769 923 pappo
796 869 971 911 sordide
996 868 1092 911 albo
1115 869 1361 924 aequilongo
1399 877 1460 918 26.
1498 871 1552 912 [0.
1579 872 1713 915 Rchb.
1744 877 1773 916 t.
1799 875 1866 916 32.
1899 898 1950 904 —-

245 929 285 971 S.
314 928 493 970 humilis
521 929 638 982 Jacq.
668 928 819 970 Austr.
846 928 930 970 tab.
959 928 1012 969 36
1039 941 1126 970 11011
1155 927 1199 970 L.

306 1005 349 1058 β.
383 1004 544 1056 erispa.
572 1027 630 1035 —
665 1002 809 1046 Caulis
845 1015 960 1057 saepe
996 1003 1136 1046 elatus
1173 1005 1512 1058 monocephalus
1551 1006 1627 1048 sed
1665 1007 1824 1061 saepius
1859 1009 1961 1049 2-4-

246 1065 466 1118 cephalus,
493 1063 592 1105 folia
620 1064 811 1116 margine
846 1063 945 1116 plus
981 1063 1127 1105 minus
1164 1063 1390 1112 undulata,
1421 1064 1634 1107 involucri
1661 1066 1806 1120 phylla
1836 1070 1957 1109 exte-

245 1124 362 1165 riora
385 1122 636 1164 abbreviata
661 1133 777 1175 saepe
794 1122 961 1164 obtusa.
982 1145 1038 1152 —
1059 1121 1102 1164 S.
1125 1120 1270 1174 erispa
1297 1122 1404 1165 M.B.
1426 1124 1556 1166 Taur.
1576 1124 1700 1167 Cauc.
1721 1125 1773 1176 Il,
1795 1138 1833 1179 p.
1852 1126 1950 1168 ⁰234.

245 1207 302 1211 —
319 1181 359 1224 S,
390 1180 623 1223 Prescottz'c'
650 1179 936 1234 Compere.-—
964 1180 1007 1223 S.
1034 1180 1206 1223 Geblem‘
1228 1182 1351 1224 Bess.

288 1256 394 1290 Hal).
413 1256 452 1290 in
471 1254 639 1290 collibus
657 1254 799 1300 apricis
817 1254 973 1289 Tauri-ae
985 1254 1114 1298 (Stevl
1134 1254 1282 1290 Godet!
1299 1254 1340 1289 in
1359 1263 1432 1288 nc.
1449 1253 1576 1300 herb.)

295 1319 388 1354 Haec
405 1319 531 1353 iorma
550 1328 572 1352 a
593 1321 687 1364 typo
707 1317 889 1353 caulibus
908 1318 1053 1364 saepius
1072 1317 1343 1364 polycephalis
1360 1316 1594 1354 elatioribus
1613 1322 1651 1355 et
1670 1320 1820 1366 phyllis
1840 1321 1954 1356 obtu-

248 1367 421 1402 sioribus
443 1365 646 1400 discedens
671 1365 722 1400 ab
750 1375 794 1400 eo
821 1368 951 1400 tamen
981 1365 1157 1412 specifice
1186 1376 1266 1401 non
1290 1364 1512 1411 separanda
1531 1368 1658 1402 variat
1677 1378 1831 1414 quoque
1850 1368 1960 1409 foliis

261 1414 429 1496 filiii-{m
459 1412 522 1447 vel
542 1414 696 1447 tantum
715 1412 739 1448 2
756 1412 882 1448 lineas
904 1413 1006 1448 latis.
1034 1411 1182 1448 Eadem
1212 1413 1338 1448 forma
1367 1413 1535 1448 occurrit
1557 1415 1599 1449 in
1617 1414 1774 1450 Croatia
1802 1415 1902 1457 (Noe
1917 1418 1955 1460 1),

293 1526 351 1560 Ar.
382 1523 513 1568 Geoqr.
541 1522 735 1567 Belgium,
762 1522 905 1567 (iallia,
924 1522 1109 1558 Helvetia
1141 1527 1177 1558 et
1208 1523 1425 1561 Germania
1457 1523 1660 1568 australes,
1692 1524 1815 1569 Italia,
1847 1525 1959 1571 regio

250 1570 502 1614 Danubialis,
520 1569 733 1614 Dalmatia,
750 1570 892 1606 Rossia
907 1570 1107 1612 australis,
1129 1569 1287 1606 Sibiria.

306 1688 373 1728 31.
407 1684 460 1728 S.
491 1684 742 1728 humilis
776 1685 844 1740 (L.
870 1685 941 1738 Sp.
983 1686 1110 1740 1112)
1146 1686 1559 1740 radice-cylindrica
1593 1686 1803 1738 verticali,
1843 1686 1951 1729 collo

247 1756 492 1800 squamoso,
517 1744 637 1786 caule
672 1745 942 1798 1—3-cephalo
969 1748 1113 1786 erecto
1141 1745 1397 1799 lanuginoso
1416 1745 1591 1788 tandem
1613 1744 1820 1799 glabram,
1840 1745 1952 1787 foliis

248 1803 508 1846 radicalibus
538 1804 660 1856 longe
687 1805 901 1857 petiolatis
922 1803 1117 1857 oblongis
1143 1805 1396 1847 lanceolatis
1426 1805 1494 1847 vel
1523 1803 1960 1847 lineari-lanceolatis.

247 1864 384 1905 aculis
410 1862 686 1911 3-5-uerviis,
710 1863 893 1905 caulinis
916 1864 1159 1915 angustatis
1189 1863 1427 1906 linearibus
1451 1864 1723 1914 acuminatis,
1752 1863 1953 1917 capitulis

247 1921 514 1976 majusculis.
539 1921 755 1964 involucri
786 1922 944 1976 phyllis
975 1923 1222 1965 lanceolatis
1251 1922 1756 1966 attenuato-acuminatis
1785 1922 1960 1965 obtusis-

246 1981 441 2023 exlernis
471 1979 604 2033 duplo
639 1981 930 2024 brevioribus.
956 1980 1151 2024 flosculis
1187 1981 1317 2024 luteis
1353 1982 1583 2025 involucro
1619 1981 1839 2035 subduplo
1864 1981 1958 2023 lon·

246 2040 460 2093 gioribus,
494 2039 685 2082 acheniis
720 2040 929 2083 brevibus
965 2040 1119 2083 obtuse
1154 2041 1331 2084 costatis
1358 2041 1543 2083 laevibus
1580 2053 1722 2096 pappo
1762 2040 1954 2093 longiore

246 2099 466 2152 superatis
500 2104 561 2146 λ’.
584 2100 639 2141 Ιο.
665 2100 798 2142 Rchb.
828 2103 857 2141 t.
882 2100 950 2141 32.
974 2124 1023 2129 --
1049 2098 1089 2141 S.
1110 2099 1261 2142 lcmata
1285 2099 1498 2143 Schrank.
1520 2123 1574 2129 ——
1604 2098 1644 2141 S.
1667 2098 1953 2152 pcavntaqinea

248 2157 360 2199 Schl.

291 2230 392 2266 Hah.
411 2231 451 2265 in
471 2231 594 2277 pratis
621 2231 821 2267 montanis
842 2236 880 2267 et
896 2232 936 2266 in
956 2232 1110 2278 pascuis
1131 2232 1320 2277 humidis,
1340 2234 1497 2268 montes
1526 2231 1685 2267 alti-ores
1704 2231 1862 2267 Tauriae
1889 2232 1959 2275 (ex

243 2278 340 2313 ΜΒ.
361 2278 427 2313 sed
448 2288 471 2312 a
489 2278 673 2314 Stevenio
691 2289 769 2314 non
788 2278 915 2324 lecta),
933 2279 1057 2315 Guria
1074 2285 1139 2324 (ex
1157 2279 1352 2324 Nordm.).

290 2342 349 2376 Ar.
371 2341 501 2386 Geoqr.
530 2340 687 2388 Europa
715 2344 811 2388 sept.
843 2344 880 2377 et
910 2341 1041 2377 media
1071 2353 1093 2377 a
1120 2339 1387 2377 scandinavia
1419 2341 1470 2377 ad
1498 2341 1681 2378 Rossiam
1717 2341 1889 2376 mediam
1917 2342 1955 2376 et

244 2387 468 2431 australem,
487 2391 522 2423 et
542 2399 563 2423 a
584 2388 800 2434 Lusitania,
818 2389 1010 2435 Hispania
1027 2392 1066 2425 et
1085 2389 1197 2426 Italia
1214 2389 1355 2426 mediis
1373 2389 1428 2425 ad
1447 2390 1649 2435 regionem
1667 2387 1953 2424 Danubialein.

306 2503 374 2552 3⁰2,
406 2500 458 2545 S.
484 2501 817 2557 parviflora
849 2502 990 2556 (Jacq.
1008 2502 1070 2544 Fl.
1088 2504 1241 2546 Austr.
1261 2502 1332 2554 IV,
1349 2516 1391 2558 p.
1416 2503 1456 2556 3,
1473 2503 1558 2545 tab.
1581 2501 1692 2557 305)
1714 2501 1950 2545 rhizomate

247 2561 368 2603 brevi
408 2573 649 2614 praemorso
683 2562 841 2605 subtus
880 2563 954 2605 2-3
984 2561 1118 2604 fibras
1154 2561 1416 2616 cylindricas
1444 2573 1616 2605 crassas
1645 2560 1815 2613 edente,
1843 2561 1956 2604 collo

247 2620 360 2662 nudo
389 2620 457 2662 vel
484 2620 555 2661 vix
578 2624 820 2675 squamato,
843 2622 965 2664 caule
992 2621 1141 2675 glabro
1164 2620 1424 2664 nudiusculo
1451 2620 1613 2674 saepius
1644 2619 1955 2673 monocephalo

243 2678 389 2722 rarius
415 2679 706 2733 2-3-cephalo,
728 2680 842 2723 foliis
864 2680 1127 2723 radicalibus
1149 2680 1399 2723 lanceolatis
1426 2680 1496 2723 vel
1521 2678 1958 2722 lineari-lanceolatis

243 2738 381 2780 acutis
409 2738 479 2779 vel
510 2739 768 2781 acuminatis
795 2740 889 2783 basi
916 2751 1001 2781 non
1028 2741 1257 2793 angustata
1287 2739 1373 2782 late
1404 2738 1623 2794 petiolat-is
1659 2750 1788 2791 scapo
1817 2737 1950 2791 duplo

245 2796 522 2839 brevioribus
548 2797 694 2840 rarius
718 2810 819 2840 eum
842 2797 1220 2852 subaequantihus,
1246 2797 1362 2841 soliis
1389 2797 1574 2841 caulinis
1610 2797 1683 2840 1-3
1714 2795 1957 2839 linearibus.

243 2867 449 2908 supremo
484 2856 676 2909 minimo,
715 2857 918 2911 capitulis
951 2857 1246 2901 mediocribus
1283 2859 1496 2912 angustis,
1536 2855 1752 2899 involucri
1788 2854 1956 2909 phyllis.

242 2914 411 2956 obtusis
428 2914 482 2956 ab
500 2916 693 2958 externis
712 2915 1241 2972 triangulari-lanceolatis
1262 2915 1314 2958 ad
1331 2916 1486 2958 intima
1504 2912 1951 2958 lanceolam-linearia

241 2973 466 3025 elongatis
486 2973 678 3017 flosculis
700 2975 1014 3028 marginalibus
1030 2975 1257 3019 involucro
1276 2987 1431 3030 parum
1457 2974 1740 3028 longioribus,
1758 2972 1954 3015 acheniis

244 3030 453 3073 brevibus
479 3032 589 3074 albis
622 3034 836 3087 angulatis
863 3046 1005 3088 pappo
1030 3033 1128 3077 albo
1154 3033 1287 3088 duplo
1313 3033 1509 3088 longiore
1541 3033 1624 3076 cito
1656 3032 1701 3073 in
1736 3031 1950 3074 annulum
