2090 3291
237 235 309 272 960
920 244 1268 272 GAMPANULACEAE.
1686 235 1941 285 specularia.

237 315 411 398 {apgulaj
434 315 657 398 οέιεὲᾳοῑθνθ
677 326 700 350 a
718 313 756 352 S.
777 314 947 362 Speculo
966 314 1262 361 distinguenda,
1289 315 1503 363 specimina
1533 318 1666 352 tamen
1698 318 1877 364 quaedam
1903 319 1943 356 in

267 374 308 399 er
338 374 431 399 arus
480 373 501 398 u
533 373 585 398 za.

283 426 346 461 Ar.
373 425 506 472 Geoqr.
534 425 664 461 Gallia
681 424 868 461 australis
890 434 1012 472 prope
1037 425 1256 461 Massiliam
1275 425 1344 461 sed
1363 426 1419 461 ibi
1437 425 1546 473 prob.
1566 426 1798 462 introducta.

298 561 336 602 3.
371 558 408 602 S
471 558 689 602 falcata
725 557 852 612 (Ten.
891 558 1045 600 Prodr.
1085 571 1111 612 p
1166 559 1217 600 's6
1261 559 1343 601 sub
1377 557 1758 614 Prismatocarpo)
1796 573 1941 606 annua

236 630 365 674 parce
385 618 627 672 pubescens
650 632 672 659 a
699 617 807 660 collo
824 629 995 659 ramosa
1022 617 1087 659 vel
1111 617 1311 671 simplex.
1332 618 1451 659 caule
1469 621 1614 660 erecto
1631 618 1801 661 inferne
1825 631 1940 675 saepe

236 737 347 779 vatis
376 735 677 789 subpetiolatis
706 735 1010 788 superioribus
1038 734 1553 790 semiamplexicaulibus.
1591 735 1775 778 floribus
1809 739 1940 780 sessi-

234 794 349 837 libus
384 795 436 838 ad
468 794 620 837 axillas
649 795 878 848 geminatis
902 794 967 836 vel
993 793 1108 836 binis
1133 793 1411 837 inferioribus
1435 795 1613 836 remotis
1637 796 1940 848 superioribus

234 865 349 908 saepe
399 854 727 908 approximatis,
775 853 933 905 calycis
963 853 1127 895 laciniis
1160 865 1183 895 a
1214 852 1305 895 basi
1351 852 1763 896 lanceolam-lineari
1812 854 1940 909 longe

234 912 748 956 attenuato-acuminatis
788 911 1165 955 arcuato-reflexis
1208 912 1310 954 tubo
1351 911 1735 955 subbrevioribus.
1776 913 1938 957 corolla

235 972 393 1026 calycis
420 972 584 1014 laciniis
617 970 832 1025 subtriplo
858 971 1043 1020 minore,
1067 972 1243 1025 capsula
1268 972 1387 1025 apice
1415 984 1502 1014 non
1531 971 1762 1014 constricta
1790 976 1853 1023 Ε).
1883 974 1937 1016 Ic.

237 1030 345 1073 Teu.
373 1031 436 1073 Fl.
461 1030 568 1085 Nap.
592 1032 677 1074 tab.
707 1031 775 1072 020.
801 1053 853 1060 —
879 1029 1236 1082 Specul.falcata
1257 1044 1297 1072 A.
1324 1043 1403 1072 uc.
1430 1029 1510 1072 loc.
1540 1031 1607 1072 cil.
1636 1054 1686 1060 —
1715 1030 1767 1072 Ic.
1806 1031 1938 1075 Rchb.

233 1093 263 1132 t.
292 1091 389 1133 255.
425 1114 475 1120 -
502 1090 645 1143 Camp.
677 1087 862 1142 Syriaca
887 1088 1037 1131 Willd.
1070 1089 1208 1143 Reliq.
1237 1089 1281 1131 in
1304 1090 1355 1131 R.
1382 1092 1424 1132 et
1450 1089 1544 1132 Sch.
1570 1089 1685 1143 Syst.
1716 1090 1765 1143 V,
1788 1103 1825 1144 p.
1857 1092 1938 1133 133

235 1153 278 1192 et
305 1150 374 1192 W.
400 1149 531 1191 herb!

282 1222 386 1258 Hah.
410 1222 448 1258 in
479 1223 637 1268 legione
662 1223 860 1269 superiore
888 1222 1034 1258 montis
1054 1221 1200 1257 Parnes
1221 1222 1359 1257 Atticae
1384 1221 1574 1267 (Heldrl),
1606 1222 1712 1257 arvis
1735 1222 1866 1259 Rhodi
1890 1223 1940 1259 ad

235 1269 405 1306 Salakos
425 1269 576 1315 (Bourg
590 1272 626 1314 !)‚
644 1270 764 1316 Cypri
785 1269 835 1305 ad
852 1269 1067 1305 Prodromo
1089 1268 1180 1314 (ΚΥ.
1203 1269 1270 1304 734
1285 1272 1319 1313 b,
1338 1268 1474 1305 Cilicia
1492 1269 1653 1305 littorali
1672 1269 1809 1313 (Ball),
1828 1269 1941 1316 Syria

236 1317 402 1353 littorali
421 1320 459 1353 et
479 1318 636 1362 regione
665 1317 840 1353 inferiori
867 1316 1010 1352 Libani
1036 1316 1122 1361 (1311
1146 1316 1304 1361 Gailll),
1331 1316 1528 1352 Palestina
1558 1317 1598 1352 in
1627 1320 1759 1360 monte
1786 1317 1940 1354 Carmel

235 1364 366 1408 (Boiss
380 1367 418 1410 l),
437 1365 640 1400 montibus
659 1366 873 1409 Avroman,
893 1363 1062 1407 Schahu,
1080 1363 1145 1399 Pir
1161 1362 1284 1399 On2ar
1302 1363 1469 1400 Gudrun
1490 1363 1755 1399 Kurdistaniae
1776 1364 1941 1401 Persicae

251 1412 436 1447 Hausskl
460 1440 465 1445 .

231 1414 245 1456 (
292 1478 322 1530 β
365 1414 552 1530 pagiua.
583 1501 639 1507 —
673 1477 830 1519 Caules
863 1476 1138 1530 bipollicares
1181 1475 1370 1523 unissori,
1408 1476 1507 1518 folia
1542 1480 1706 1530 tenera,
1741 1477 1938 1520 ovarium

231 1536 532 1579 abbreviatum
559 1536 805 1589 oblongum.

280 1609 383 1645 Hab.
404 1610 443 1644 in
464 1609 662 1645 umbrosis
687 1609 845 1655 rupium
867 1609 1013 1644 montis
1033 1608 1124 1644 Kuh
1149 1608 1254 1654 Ajub
1281 1618 1403 1655 prope
1429 1608 1658 1655 Persepolin
1682 1609 1826 1645 Persiae
1846 1609 1937 1655 (Ky.

231 1656 351 1701 4071).
373 1656 597 1704 Speoimina
616 1656 775 1692 corollis
797 1656 1006 1701 destituta3
1028 1656 1182 1692 videtur
1201 1655 1326 1691 forma
1344 1666 1477 1691 macra
1496 1656 1679 1692 hebetata
1697 1657 1849 1703 speciei.

279 1721 343 1756 Ar.
376 1721 510 1766 Geoqr.
554 1720 687 1756 Gallia
718 1719 916 1765 australis,
949 1719 1159 1767 Hispania,
1188 1718 1313 1764 Italia,
1348 1718 1560 1765 Dalmatia,
1590 1720 1719 1756 Africa
1755 1720 1938 1767 borealis,

228 1767 372 1803 insulae
389 1767 661 1803 Canarienses.

289 1894 329 1935 4.
364 1893 416 1936 S.
442 1891 703 1947 hybrida
737 1891 805 1947 (L.
836 1892 909 1948 Sp.
940 1893 1024 1934 239
1052 1893 1134 1935 sub
1161 1892 1453 1949 Campanum]
1479 1906 1624 1936 annua
1654 1893 1935 1947 glabrescens

234 1953 303 1996 vel
343 1952 570 2006 puberula,
605 1953 726 1995 caule
763 1956 908 1994 erecto
944 1951 1109 2007 pumilo
1148 1953 1310 2007 saepius
1353 1953 1477 2007 unico
1511 1956 1554 1994 et
1590 1952 1774 2007 simplici
1817 1955 1936 2009 apice

228 2012 485 2064 corymbose
511 2012 746 2065 paucissoro
775 2011 920 2054 rarius
945 2023 1136 2065 superne
1164 2011 1346 2054 ramuHs
1370 2012 1519 2065 paucis
1544 2011 1752 2056 brevibus
1781 2013 1936 2067 obsito,

228 2071 342 2114 foliis
366 2070 595 2113 sessilibus
624 2070 1044 2113 undulata-&enatis
1068 2070 1352 2113 inferioribus
1376 2071 1571 2113 obovatis
1595 2072 1764 2114 caeteris
1788 2072 1936 2115 oblon-

227 2130 308 2183 gis,
334 2130 490 2183 calycis
512 2130 678 2173 laciniis
695 2129 891 2182 oblongis
912 2129 1051 2172 acutis
1077 2129 1169 2172 basi
1191 2130 1432 2182 angustatis
1457 2131 1613 2172 erectis
1637 2132 1742 2174 tubo
1768 2132 1935 2187 3-4-plo

226 2189 519 2240 brevioribus,
543 2189 703 2232 corolla
728 2189 895 2231 minuta
919 2188 991 2231 vix
1015 2191 1164 2242 aperta
1189 2189 1355 2231 laciniis
1381 2189 1538 2243 calycis
1561 2189 1692 2244 duplo
1718 2191 1936 2243 breviore,

227 2249 406 2302 capsula
425 2249 545 2303 apice
568 2249 800 2290 constricta
824 2252 888 2298 Θ.
916 2247 971 2290 Ie.
997 2247 1130 2291 Rchb.
1143 2246 1227 2290 tab.
1244 2247 1457 2291 255.—S.
1483 2246 1675 2302 hybrida
1688 2264 1726 2292 A.
1751 2262 1831 2293 uc.
1854 2250 1936 2293 loc.

227 2308 299 2350 cit.
327 2332 383 2337 —-
410 2306 800 2360 Prismatocarpzcs
829 2305 1047 2360 hybridas
1071 2306 1209 2349 L'lier.

274 2381 375 2416 Hab.
392 2381 432 2416 in
445 2381 656 2426 aggeribus
670 2383 707 2416 et
720 2380 827 2426 agris
846 2381 984 2416 Atticae
999 2380 1050 2416 ad
1064 2380 1215 2416 radices
1230 2380 1433 2427 Lycabetti
1450 2380 1637 2426 (Heldrl),
1652 2381 1702 2417 ad
1721 2381 1933 2428 Naupllam

227 2428 429 2474 Argolidis
449 2428 644 2474 (Sprunl),
663 2429 701 2463 in
733 2429 866 2464 monte
893 2427 1148 2474 Bougourlou
1179 2438 1300 2475 prope
1328 2428 1565 2474 Byzantium
1596 2428 1874 2475 (Coumanyl),
1893 2430 1934 2465 in

226 2475 474 2522 rupestribus
493 2476 649 2511 Tauriae
673 2475 774 2511 circa
794 2474 929 2511 Sudak
949 2476 1103 2520 (Stevl).

271 2540 331 2575 Ar.
353 2539 482 2584 Geoqr
505 2539 662 2586 Europa
681 2539 810 2575 media
826 2539 878 2575 ab
892 2540 1035 2585 Anglia
1054 2543 1091 2575 et
1109 2540 1323 2576 Germania
1341 2540 1390 2576 ad
1406 2540 1664 2585 Lusitaniam,
1683 2540 1933 2588 Hispaniam,

225 2585 393 2631 Italiam,
417 2586 665 2632 Dalmatiam,
688 2586 872 2623 Rossiam
890 2587 1203 2632 meridionalem,
1225 2587 1356 2624 Africa
1375 2588 1555 2624 borealis.

721 2733 1049 2782 TRAcflssuUn
1088 2734 1150 2796 (lv
1181 2734 1279 2782 Gen.
1314 2734 1414 2795 293)

285 2876 418 2932 Calyx
437 2879 764 2933 quinquefidus.
785 2878 956 2922 Corolla
979 2879 1182 2922 tubulosa
1200 2879 1395 2923 breviter
1412 2879 1552 2923 lobata
1569 2879 1638 2923 vel
1662 2880 1716 2922 ad
1741 2879 1933 2923 medium

224 2937 267 2979 in
304 2937 477 2980 lacinias
518 2938 705 2980 lineares
738 2939 911 2992 partita.
956 2937 1144 2981 Stamina
1179 2940 1202 2980 5
1236 2938 1386 2981 libera.
1424 2938 1574 2993 Stylus
1609 2939 1932 2992 glabriusculus

223 2996 386 3050 saepius
411 2996 535 3050 longe
555 3001 773 3040 exsertus.
804 2995 988 3052 Capsula
1014 2997 1194 3041 ovoidea
1220 2998 1521 3041 2-3-loeularis
1546 2998 1784 3042 lateraliter
1808 2999 1929 3053 poris

2074 270 2082 310 rw„-
2066 0 2082 260 &W

2075 383 2090 599 -ῑῡεῑνῑςῗῗξξῗ
2086 372 2090 376 ,
2074 312 2090 367 ⁴:1³·

2081 595 2090 818 Ἄττῃ-,τῖ-
