2126 3246
131 229 403 267 Centranthus.
845 237 1127 263 VALERIANEAE.
1794 227 1842 263 93

129 308 308 351 tioribus,
326 308 608 343 insserescentia
625 306 902 353 depauperata,
923 305 1205 341 insertionibus
1220 305 1379 342 corollae
1398 306 1438 340 in
1457 306 1594 342 ovario
1614 308 1651 341 et
1677 306 1840 343 calcaris

135 355 274 391 tubulo
289 355 399 390 brevi
415 355 611 400 seJ'unctiS.

191 472 228 511 5.
260 469 312 512 C.
350 469 687 523 Calcitrapa
713 467 780 523 (L.
825 467 896 521 Sp.
938 468 1008 520 44,
1053 467 1135 510 sub
1177 466 1428 522 Valeriana)
1462 481 1636 510 annuus
1676 468 1839 521 glaber,

128 528 252 571 caule
275 531 418 570 erecto
456 528 654 570 fistuloso
696 526 882 580 simplici
924 527 993 569 vel
1031 538 1218 578 ramoso,
1246 526 1360 569 foliis
1394 526 1676 569 inferioribus
1700 528 1839 570 ovatis

129 586 313 640 integris
352 586 596 628 dentatisve
637 586 705 634 vel
740 584 1182 639 lyrato-pinnatifidis,
1233 585 1536 638 superioribus
1577 586 1620 626 iu
1664 586 1839 630 lacinias

131 644 516 698 lineari-oblongas
531 645 598 687 vel
623 648 806 697 anguste
824 644 1009 686 lineares
1034 644 1321 686 denticulatas
1338 644 1697 699 pinnatipartitis,
1715 646 1841 698 cyma

131 703 349 746 terminali
374 705 565 757 primuni
587 705 775 746 conserta
797 706 895 755 post
911 704 1113 745 anthesin
1138 702 1336 756 opposite
1359 706 1400 745 et
1427 703 1667 745 dichotome
1696 716 1840 746 ramu-

132 762 224 805 losa
248 763 357 815 laxa,
381 763 554 804 corollae
578 775 713 816 supra
737 762 874 803 basim
900 762 1094 803 breviter
1116 761 1251 815 gibba}
1274 762 1379 804 tubo
1404 762 1585 803 limbum
1602 766 1840 816 superante

136 825 200 871 Θ.
229 821 271 864 C.
293 820 540 873 Calestrapa.
563 821 685 863 Dusr.
715 821 805 864 Val.
833 822 900 862 39.
931 821 984 862 Ic.
1006 820 1141 863 Sibth.
1166 819 1225 862 Fi.
1250 820 1324 863 Gr.
1344 821 1429 862 tab.
1458 821 1585 861 230.—
1610 820 1841 863 Valeriana

129 879 302 922 Sceveni
327 880 485 922 Ledeb.
510 880 570 922 Fl.
597 880 724 923 Ross.
749 880 802 933 ΙΙ,
832 894 869 934 p.
892 881 989 921 436.

176 954 278 990 Hah.
298 955 338 989 in
356 954 548 1001 lapidosis
566 955 738 999 regionis
757 954 951 989 inferioris
983 953 1146 989 Graeciae
1165 953 1205 988 in
1227 953 1415 999 Argolide
1441 953 1620 997 (Sibthn,
1646 954 1776 989 Attica
1799 954 1840 989 in

130 1001 334 1037 montibus
359 1002 504 1036 Parnes
540 1004 578 1037 et
607 1002 803 1037 Pentelico
838 1002 1033 1048 (Spruni)‚
1071 1000 1332 1047 Archipelago
1369 1001 1508 1049 (Auch.
1541 1001 1682 1046 201351),
1727 1001 1841 1036 Creta

129 1048 238 1094 (Sieb
251 1050 286 1093 1),
305 1048 435 1094 Cypro
451 1049 541 1094 (ΚΥ.
565 1049 680 1094 7851),
696 1049 843 1084 Tauria
874 1048 1125 1084 meridionali
1143 1048 1244 1083 eirca
1263 1048 1404 1083 Simeis
1425 1049 1650 1094 (Conipere)
1670 1048 1728 1083 Fl.
1750 1058 1841 1083 vere

190 1122 233 1175 β.
264 1120 523 1163 orbiculata.
550 1135 630 1164 De.
654 1122 809 1164 Prodr.
836 1121 904 1164 IV.
931 1123 1030 1163 632.
1048 1146 1104 1151 —-
1125 1121 1245 1163 Folia
1263 1121 1406 1163 omnia
1422 1122 1630 1164 inferiora
1651 1121 1842 1164 indivisa

130 1180 519 1223 ovato-orbiculata
570 1181 844 1234 submi-data,
902 1181 1133 1234 superiora
1187 1180 1339 1234 lyrata.
1384 1205 1434 1210 —-
1470 1180 1557 1222 Val.
1591 1180 1838 1222 orbiculata

132 1238 268 1281 Sibtb.
296 1239 360 1280 Fl.
389 1238 524 1282 Graec.
551 1240 583 1291 I,
602 1254 642 1294 p.
662 1241 730 1292 23,
752 1240 837 1282 tab.
862 1241 930 1282 31.

176 1313 277 1348 Hab.
296 1313 336 1347 in
355 1315 488 1349 monte
506 1313 583 1348 Stae
597 1313 731 1349 Crucis
750 1313 870 1359 Cypri
885 1312 1060 1358 (Bauer),
1078 1313 1118 1347 in
1137 1312 1340 1348 montibus
1367 1313 1437 1347 Coi
1459 1312 1599 1356 (Urv.).

176 1376 288 1411 Hanc
309 1375 476 1411 formam
495 1376 601 1412 foliis
621 1376 792 1412 cordatis
812 1387 859 1411 ex
885 1376 995 1412 icone
1013 1376 1130 1412 citata
1154 1378 1308 1412 tantum
1327 1376 1421 1411 novi
1442 1376 1509 1411 sed
1531 1376 1774 1411 intermediis
1790 1375 1838 1411 ad

129 1424 269 1469 typum
287 1423 454 1458 transire
474 1424 638 1459 videtur.

164 1486 236 1568 11113.
256 1486 390 1567 ῗιθοςζ.
419 1485 592 1532 MacIera,
611 1487 779 1533 Europae
797 1487 927 1522 omnis
958 1487 1065 1532 regio
1085 1487 1373 1522 mediterranea
1392 1497 1415 1521 a
1435 1486 1568 1523 Gallia
1587 1471 1838 1522 meridionali

125 1542 167 1568 a<
234 1543 258 1567 a
275 1537 448 1568 matiam.

644 1669 797 1717 FEDIA
828 1668 1009 1730 (Maench.
1049 1669 1171 1717 Μέίὴ.
1205 1669 1328 1730 486).

188 1815 354 1871 Calycis
378 1816 536 1859 limbus
572 1817 779 1859 foliaceus
811 1816 857 1858 in
883 1816 1035 1858 dentes
1064 1817 1138 1858 2-3
1161 1816 1289 1858 fidus.
1328 1816 1498 1859 Corolia
1539 1816 1837 1870 liypocrateri-

126 1876 310 1929 morpha
330 1876 434 1919 tubo
458 1875 649 1918 filiformi
672 1888 807 1928 supra
824 1874 948 1918 basin
974 1875 1115 1928 gibbo,
1139 1875 1268 1917 limbo
1293 1875 1495 1917 bilabiato
1521 1876 1831 1931 quinquelobo.

128 1934 320 1977 Stamina
353 1933 454 1977 bina
481 1938 670 1977 exserta.
702 1935 889 1977 Fructus
928 1934 1194 1977 trilocularis
1218 1934 1496 1977 indehiscens
1535 1936 1834 1987 subsungosus

126 1993 280 2036 loculis
298 1993 411 2036 binis
429 1993 666 2036 sterilibus.
688 2018 744 2023 ——
766 1993 922 2035 Herbae
948 2006 1115 2036 annuae.

190 2126 225 2166 1.
253 2124 311 2167 P.
343 2124 731 2178 Cornucopiae
762 2124 830 2179 (L.
859 2122 931 2178 Sp.
958 2125 1036 2176 44,
1067 2125 1148 2167 sub
1191 2124 1442 2181 Valeriana')
1477 2128 1627 2180 glabra
1654 2129 1723 2170 vel
1751 2129 1832 2171 sub

127 2183 243 2225 lente
280 2195 409 2238 parce
441 2183 664 2238 papillosa,
693 2184 813 2226 caule
854 2183 1147 2226 crassiusculo
1182 2188 1333 2226 tenero
1366 2198 1388 2226 a
1410 2187 1503 2228 basi
1539 2187 1606 2229 vel
1642 2199 1834 2241 superne

127 2241 382 2293 dichotomo,
409 2243 520 2285 foliis
547 2242 830 2284 inferioribus
857 2242 996 2284 ovatis
1022 2243 1088 2284 vel
1117 2243 1368 2286 orbiculatis
1391 2245 1575 2298 integris
1600 2246 1832 2299 petiolatis‚

127 2300 310 2343 caulinis
333 2300 636 2355 superioribus
662 2301 891 2343 sessilibus
928 2301 1318 2355 amplexicaulibus
1345 2304 1690 2358 ovato-oblongis
1719 2317 1834 2359 saepe

123 2359 407 2402 acutiusculis
425 2363 467 2402 et
493 2359 693 2411 dentatis,
718 2359 901 2401 floribus
927 2371 1053 2402 secus
1082 2372 1227 2403 ramos
1254 2373 1388 2415 cymae
1415 2364 1548 2405 semel
1580 2364 1648 2405 vel
1667 2363 1832 2417 pluries

125 2417 272 2459 hifidae
295 2418 882 2461 contracto-fascieuliformis
901 2418 1132 2461 sessilibus
1157 2419 1339 2462 distiche
1362 2421 1654 2464 subsecundis
1680 2423 1833 2476 roseis,

129 2474 316 2520 bracteis
360 2477 609 2519 lanceolatis
636 2475 848 2531 oppositis
875 2477 1147 2528 acuminatis,
1171 2478 1342 2520 corollae
1366 2479 1495 2522 limbo
1517 2481 1671 2522 tubum
1708 2481 1834 2523 dimi-

129 2533 245 2577 dium
281 2536 580 2590 subaequante‚
614 2535 747 2577 ramis
775 2534 1110 2578 inflorescentiae
1138 2537 1374 2580 fructiferae
1412 2539 1575 2582 inflatis
1604 2539 1835 2593 obconicis,

127 2592 340 2636 fructibus
367 2595 462 2636 aliis
490 2594 628 2637 ovatis
663 2594 928 2648 compressis
958 2595 1077 2649 apice
1105 2597 1312 2638 coronula
1344 2596 1467 2638 brevi
1495 2599 1713 2652 superatis
1738 2599 1833 2642 aliis

123 2651 584 2706 oblongo-cylindricis
614 2652 816 2695 dentibus
850 2654 923 2695 2-3
960 2652 1211 2696 lanceolatis
1239 2655 1338 2709 plus
1359 2656 1504 2698 minus
1528 2657 1738 2710 elongatis
1767 2662 1832 2708 Θ.

129 2707 176 2751 F.
205 2711 494 2764 Cornucopia>
540 2724 619 2754 De.
644 2711 690 2753 Fi
733 2712 804 2753 Fr.
831 2712 902 2764 IV,
927 2726 967 2766 p.
995 2713 1093 2754 240.
1127 2737 1183 2743 —
1221 2713 1275 2756 Ic.
1300 2714 1359 2756 Fi.
1390 2713 1464 2756 Gr.
1490 2716 1575 2757 tab.
1603 2716 1671 2757 32.
1705 2743 1751 2746 m-
1781 2716 1829 2759 F.

125 2769 400 2822 yraciliflora
423 2770 466 2811 F.
495 2774 538 2813 et
560 2771 612 2812 M.
634 2770 726 2812 Ind.
754 2771 929 2825 Petrop.
957 2770 1028 2823 VI,
1046 2784 1087 2825 p.
1116 2773 1157 2814 8.

176 2842 276 2878 Hah.
296 2843 337 2878 in
354 2843 468 2879 cultis
482 2845 520 2879 et
536 2843 713 2879 herbidis
732 2844 782 2879 ad
801 2844 899 2888 vias,
926 2844 1225 2926 Peloponnesus
1243 2846 1380 2891 (Herb.
1412 2847 1617 2893 Quoties),
1649 2849 1766 2885 Creta
1783 2849 1832 2885 ad

129 2889 265 2924 urbem
284 2889 435 2926 Candia
452 2890 637 2936 (Heldri),
657 2890 839 2936 Byzantii
855 2892 920 2935 (ex
938 2890 1024 2927 Sibt
1057 2894 1092 2937 .).

153 2951 277 3005 ,Inter
295 2953 336 2989 F.
357 2953 610 3000 Cornucopz‘w
640 2955 677 2989 et
696 2954 910 3000 specimina
937 2965 960 2990 a
986 2955 1035 2991 cl.
1071 2955 1195 2992 Fisch.
1224 2961 1258 2992 et
1288 2956 1389 3003 Mey.
1419 2968 1489 3005 pro
1524 2959 1566 2994 F.
1584 2957 1834 3006 9raeiliflord

129 2999 245 3035 tutata
271 2999 427 3036 nullum
444 3000 561 3047 plane
584 3001 794 3037 discrimen
822 3001 950 3045 video,
973 3001 1194 3038 loculorum
1221 3004 1414 3040 sterilium
1434 3005 1525 3052 plus
1539 3008 1672 3043 minus
1691 3008 1833 3053 fungo-
