<?xml version="1.0" encoding="UTF-8"?>
<!DOCTYPE html PUBLIC "-//W3C//DTD XHTML 1.0 Transitional//EN"
    "http://www.w3.org/TR/xhtml1/DTD/xhtml1-transitional.dtd">
<html xmlns="http://www.w3.org/1999/xhtml" xml:lang="en" lang="en">
 <head>
  <title>
</title>
<meta http-equiv="Content-Type" content="text/html;charset=utf-8" />
  <meta name='ocr-system' content='tesseract 3.04.00' />
  <meta name='ocr-capabilities' content='ocr_page ocr_carea ocr_par ocr_line ocrx_word'/>
</head>
<body>
  <div class='ocr_page' id='page_1' title='image "./floraorientaliss03bois_0606.png"; bbox 0 0 2090 3291; ppageno 0'>
   <div class='ocr_carea' id='block_1_1' title="bbox 249 215 1955 258">
    <p class='ocr_par' dir='ltr' id='par_1_1' title="bbox 249 215 1955 258">
     <span class='ocr_line' id='line_1_1' title="bbox 249 215 1955 258; baseline -0.004 0"><span class='ocrx_word' id='word_1_1' title='bbox 249 221 322 258; x_wconf 74' lang='lat'>520</span> <span class='ocrx_word' id='word_1_2' title='bbox 977 226 1230 253; x_wconf 83' lang='lat' dir='ltr'><strong>COMPOSITAE.</strong></span> <span class='ocrx_word' id='word_1_3' title='bbox 1754 215 1955 252; x_wconf 74' lang='lat' dir='ltr'>Carduus.</span> 
     </span>
    </p>
   </div>
   <div class='ocr_carea' id='block_1_2' title="bbox 252 295 1967 384">
    <p class='ocr_par' dir='ltr' id='par_1_2' title="bbox 252 295 1967 384">
     <span class='ocr_line' id='line_1_2' title="bbox 298 295 1967 383; baseline -0.001 -49"><span class='ocrx_word' id='word_1_4' title='bbox 298 301 359 383; x_wconf 57' lang='lat' dir='ltr'>md</span> <span class='ocrx_word' id='word_1_5' title='bbox 381 300 516 381; x_wconf 63' lang='lat' dir='ltr'>Geolqr.</span> <span class='ocrx_word' id='word_1_6' title='bbox 537 297 724 334; x_wconf 83' lang='lat' dir='ltr'>Littorale</span> <span class='ocrx_word' id='word_1_7' title='bbox 742 297 1006 342; x_wconf 86' lang='lat' dir='ltr'>Austriacum‚</span> <span class='ocrx_word' id='word_1_8' title='bbox 1024 296 1237 332; x_wconf 84' lang='lat' dir='ltr'>Dalmatia.</span> <span class='ocrx_word' id='word_1_9' title='bbox 1253 296 1362 342; x_wconf 86' lang='lat' dir='ltr'>regio</span> <span class='ocrx_word' id='word_1_10' title='bbox 1381 295 1630 341; x_wconf 47' lang='lat' dir='ltr'>Danubialiffl</span> <span class='ocrx_word' id='word_1_11' title='bbox 1650 296 1792 332; x_wconf 72' lang='lat' dir='ltr'>Bossia</span> <span class='ocrx_word' id='word_1_12' title='bbox 1807 301 1967 333; x_wconf 78' lang='lat' dir='ltr'>austro·</span> 
     </span>
     <span class='ocr_line' id='line_1_3' title="bbox 252 348 514 384; baseline -0.011 0"><span class='ocrx_word' id='word_1_13' title='bbox 252 348 332 384; x_wconf 81' lang='lat' dir='ltr'>occi</span> <span class='ocrx_word' id='word_1_14' title='bbox 362 350 453 383; x_wconf 86' lang='lat' dir='ltr'>enta</span> <span class='ocrx_word' id='word_1_15' title='bbox 470 348 514 382; x_wconf 89' lang='lat' dir='ltr'>is.</span> 
     </span>
    </p>
   </div>
   <div class='ocr_carea' id='block_1_3' title="bbox 251 473 1966 1120">
    <p class='ocr_par' dir='ltr' id='par_1_3' title="bbox 251 473 1966 1120">
     <span class='ocr_line' id='line_1_4' title="bbox 315 473 1957 531; baseline -0.001 -10"><span class='ocrx_word' id='word_1_16' title='bbox 315 480 380 521; x_wconf 77' lang='lat'>15.</span> <span class='ocrx_word' id='word_1_17' title='bbox 405 477 458 521; x_wconf 87' lang='lat' dir='ltr'>C.</span> <span class='ocrx_word' id='word_1_18' title='bbox 488 473 843 521; x_wconf 85' lang='lat' dir='ltr'>seminudus</span> <span class='ocrx_word' id='word_1_19' title='bbox 876 475 1004 531; x_wconf 79' lang='grc' dir='ltr'>(ΜΒ.</span> <span class='ocrx_word' id='word_1_20' title='bbox 1032 476 1163 518; x_wconf 88' lang='lat' dir='ltr'>Taur.</span> <span class='ocrx_word' id='word_1_21' title='bbox 1199 475 1323 518; x_wconf 87' lang='lat' dir='ltr'>Cauc.</span> <span class='ocrx_word' id='word_1_22' title='bbox 1357 475 1408 526; x_wconf 82' lang='grc' dir='ltr'>Π,</span> <span class='ocrx_word' id='word_1_23' title='bbox 1446 487 1484 529; x_wconf 87' lang='lat' dir='ltr'>p.</span> <span class='ocrx_word' id='word_1_24' title='bbox 1517 476 1621 528; x_wconf 69' lang='lat'>271)</span> <span class='ocrx_word' id='word_1_25' title='bbox 1657 487 1783 527; x_wconf 84' lang='lat' dir='ltr'>parce</span> <span class='ocrx_word' id='word_1_26' title='bbox 1809 477 1957 519; x_wconf 86' lang='lat' dir='ltr'>arach-</span> 
     </span>
     <span class='ocr_line' id='line_1_5' title="bbox 251 533 1958 589; baseline -0.001 -8"><span class='ocrx_word' id='word_1_27' title='bbox 251 538 435 581; x_wconf 76' lang='lat' dir='ltr'>noisleus</span> <span class='ocrx_word' id='word_1_28' title='bbox 471 536 538 580; x_wconf 86' lang='lat' dir='ltr'>vel</span> <span class='ocrx_word' id='word_1_29' title='bbox 578 534 871 589; x_wconf 78' lang='lat' dir='ltr'>glabrescenS.</span> <span class='ocrx_word' id='word_1_30' title='bbox 909 535 1030 577; x_wconf 91' lang='lat' dir='ltr'>caule</span> <span class='ocrx_word' id='word_1_31' title='bbox 1065 534 1212 588; x_wconf 87' lang='lat' dir='ltr'>gracili</span> <span class='ocrx_word' id='word_1_32' title='bbox 1253 537 1397 577; x_wconf 86' lang='lat' dir='ltr'>erecto</span> <span class='ocrx_word' id='word_1_33' title='bbox 1429 546 1602 577; x_wconf 87' lang='lat' dir='ltr'>ramoso</span> <span class='ocrx_word' id='word_1_34' title='bbox 1638 533 1718 576; x_wconf 89' lang='lat' dir='ltr'>alis</span> <span class='ocrx_word' id='word_1_35' title='bbox 1753 534 1798 577; x_wconf 89' lang='lat' dir='ltr'>in</span> <span class='ocrx_word' id='word_1_36' title='bbox 1838 534 1958 579; x_wconf 84' lang='lat' dir='ltr'>lobos</span> 
     </span>
     <span class='ocr_line' id='line_1_6' title="bbox 251 592 1963 648; baseline -0.002 -9"><span class='ocrx_word' id='word_1_37' title='bbox 251 598 442 639; x_wconf 90' lang='lat' dir='ltr'>minutos</span> <span class='ocrx_word' id='word_1_38' title='bbox 465 595 760 646; x_wconf 79' lang='lat' dir='ltr'>triangulares</span> <span class='ocrx_word' id='word_1_39' title='bbox 787 592 943 635; x_wconf 80' lang='lat' dir='ltr'>crebre</span> <span class='ocrx_word' id='word_1_40' title='bbox 966 593 1217 646; x_wconf 85' lang='lat' dir='ltr'>spinulosos</span> <span class='ocrx_word' id='word_1_41' title='bbox 1252 593 1422 648; x_wconf 87' lang='lat' dir='ltr'>partitis</span> <span class='ocrx_word' id='word_1_42' title='bbox 1448 593 1705 646; x_wconf 86' lang='lat' dir='ltr'>marginato.</span> <span class='ocrx_word' id='word_1_43' title='bbox 1730 592 1842 636; x_wconf 80' lang='lat' dir='ltr'>foliis</span> <span class='ocrx_word' id='word_1_44' title='bbox 1868 594 1963 636; x_wconf 84' lang='lat' dir='ltr'>lan·</span> 
     </span>
     <span class='ocr_line' id='line_1_7' title="bbox 253 651 1961 705; baseline -0.001 -7"><span class='ocrx_word' id='word_1_45' title='bbox 253 656 427 698; x_wconf 80' lang='lat' dir='ltr'>ceolatis</span> <span class='ocrx_word' id='word_1_46' title='bbox 476 654 687 695; x_wconf 85' lang='lat' dir='ltr'>brevibus</span> <span class='ocrx_word' id='word_1_47' title='bbox 727 653 771 694; x_wconf 90' lang='lat' dir='ltr'>in</span> <span class='ocrx_word' id='word_1_48' title='bbox 814 652 992 695; x_wconf 84' lang='lat' dir='ltr'>lacinias</span> <span class='ocrx_word' id='word_1_49' title='bbox 1036 653 1477 705; x_wconf 82' lang='lat' dir='ltr'>ovato-triangulares</span> <span class='ocrx_word' id='word_1_50' title='bbox 1516 651 1679 694; x_wconf 83' lang='lat' dir='ltr'>lobatas</span> <span class='ocrx_word' id='word_1_51' title='bbox 1723 653 1876 696; x_wconf 61' lang='lat' dir='ltr'>crebre</span> <span class='ocrx_word' id='word_1_52' title='bbox 1916 655 1961 696; x_wconf 81' lang='lat' dir='ltr'>et</span> 
     </span>
     <span class='ocr_line' id='line_1_8' title="bbox 253 710 1964 766; baseline -0.001 -10"><span class='ocrx_word' id='word_1_53' title='bbox 253 715 418 757; x_wconf 87' lang='lat' dir='ltr'>minute</span> <span class='ocrx_word' id='word_1_54' title='bbox 449 712 698 766; x_wconf 87' lang='lat' dir='ltr'>spinulosas</span> <span class='ocrx_word' id='word_1_55' title='bbox 726 710 1008 765; x_wconf 80' lang='lat' dir='ltr'>pinnatiiidis.</span> <span class='ocrx_word' id='word_1_56' title='bbox 1036 710 1170 753; x_wconf 88' lang='lat' dir='ltr'>ramis</span> <span class='ocrx_word' id='word_1_57' title='bbox 1196 711 1365 756; x_wconf 69' lang='lat' dir='ltr'>strictis,</span> <span class='ocrx_word' id='word_1_58' title='bbox 1383 710 1426 752; x_wconf 87' lang='lat' dir='ltr'>in</span> <span class='ocrx_word' id='word_1_59' title='bbox 1461 710 1733 764; x_wconf 88' lang='lat' dir='ltr'>pedunculos</span> <span class='ocrx_word' id='word_1_60' title='bbox 1759 711 1964 766; x_wconf 82' lang='lat' dir='ltr'>longissi—</span> 
     </span>
     <span class='ocr_line' id='line_1_9' title="bbox 253 769 1958 825; baseline -0.001 -11"><span class='ocrx_word' id='word_1_61' title='bbox 253 785 347 814; x_wconf 85' lang='lat' dir='ltr'>mos</span> <span class='ocrx_word' id='word_1_62' title='bbox 374 772 556 825; x_wconf 81' lang='lat' dir='ltr'>graciles</span> <span class='ocrx_word' id='word_1_63' title='bbox 584 771 725 813; x_wconf 89' lang='lat' dir='ltr'>nudos</span> <span class='ocrx_word' id='word_1_64' title='bbox 754 771 847 812; x_wconf 84' lang='lat' dir='ltr'>laxe</span> <span class='ocrx_word' id='word_1_65' title='bbox 876 770 1152 824; x_wconf 85' lang='lat' dir='ltr'>lanuginosos</span> <span class='ocrx_word' id='word_1_66' title='bbox 1180 769 1512 824; x_wconf 87' lang='lat' dir='ltr'>monocephalos</span> <span class='ocrx_word' id='word_1_67' title='bbox 1536 769 1816 818; x_wconf 87' lang='lat' dir='ltr'>abeuntibus,</span> <span class='ocrx_word' id='word_1_68' title='bbox 1843 771 1958 824; x_wconf 86' lang='lat' dir='ltr'>capi-</span> 
     </span>
     <span class='ocr_line' id='line_1_10' title="bbox 252 828 1958 884; baseline -0.002 -9"><span class='ocrx_word' id='word_1_69' title='bbox 252 832 358 875; x_wconf 79' lang='lat' dir='ltr'>tulis</span> <span class='ocrx_word' id='word_1_70' title='bbox 399 830 544 884; x_wconf 80' lang='lat' dir='ltr'>parvis</span> <span class='ocrx_word' id='word_1_71' title='bbox 586 829 878 882; x_wconf 81' lang='lat' dir='ltr'>subglobosis‚</span> <span class='ocrx_word' id='word_1_72' title='bbox 916 828 1133 871; x_wconf 78' lang='lat' dir='ltr'>involucri</span> <span class='ocrx_word' id='word_1_73' title='bbox 1170 829 1306 881; x_wconf 79' lang='lat' dir='ltr'>glabri</span> <span class='ocrx_word' id='word_1_74' title='bbox 1345 829 1507 884; x_wconf 82' lang='lat' dir='ltr'>phyllis</span> <span class='ocrx_word' id='word_1_75' title='bbox 1544 828 1726 871; x_wconf 87' lang='lat' dir='ltr'>minutis</span> <span class='ocrx_word' id='word_1_76' title='bbox 1762 829 1958 872; x_wconf 82' lang='lat' dir='ltr'>brevit-er</span> 
     </span>
     <span class='ocr_line' id='line_1_11' title="bbox 254 887 1966 942; baseline -0.001 -10"><span class='ocrx_word' id='word_1_77' title='bbox 254 888 682 932; x_wconf 82' lang='lat' dir='ltr'>lineari-lanceolatis</span> <span class='ocrx_word' id='word_1_78' title='bbox 709 888 899 930; x_wconf 72' lang='lat' dir='ltr'>enerviis</span> <span class='ocrx_word' id='word_1_79' title='bbox 925 888 1079 930; x_wconf 86' lang='lat' dir='ltr'>obtuse</span> <span class='ocrx_word' id='word_1_80' title='bbox 1107 888 1312 930; x_wconf 83' lang='lat' dir='ltr'>carinatis</span> <span class='ocrx_word' id='word_1_81' title='bbox 1342 887 1424 930; x_wconf 90' lang='lat' dir='ltr'>sub</span> <span class='ocrx_word' id='word_1_82' title='bbox 1446 888 1559 929; x_wconf 84' lang='lat' dir='ltr'>lente</span> <span class='ocrx_word' id='word_1_83' title='bbox 1585 887 1808 942; x_wconf 83' lang='lat' dir='ltr'>pruinosis</span> <span class='ocrx_word' id='word_1_84' title='bbox 1835 888 1966 931; x_wconf 82' lang='lat' dir='ltr'>obtu—</span> 
     </span>
     <span class='ocr_line' id='line_1_12' title="bbox 254 946 1963 1002; baseline -0.001 -11"><span class='ocrx_word' id='word_1_85' title='bbox 254 949 460 991; x_wconf 86' lang='lat' dir='ltr'>siusculis</span> <span class='ocrx_word' id='word_1_86' title='bbox 481 947 551 989; x_wconf 85' lang='lat' dir='ltr'>vix</span> <span class='ocrx_word' id='word_1_87' title='bbox 573 947 805 1002; x_wconf 87' lang='lat' dir='ltr'>perspicue</span> <span class='ocrx_word' id='word_1_88' title='bbox 825 947 1139 990; x_wconf 84' lang='lat' dir='ltr'>mucrouulatis</span> <span class='ocrx_word' id='word_1_89' title='bbox 1157 947 1381 1002; x_wconf 87' lang='lat' dir='ltr'>adpressis</span> <span class='ocrx_word' id='word_1_90' title='bbox 1399 946 1452 989; x_wconf 86' lang='lat' dir='ltr'>ab</span> <span class='ocrx_word' id='word_1_91' title='bbox 1476 946 1638 989; x_wconf 83' lang='lat' dir='ltr'>infimis</span> <span class='ocrx_word' id='word_1_92' title='bbox 1656 946 1708 989; x_wconf 71' lang='lat' dir='ltr'>ad</span> <span class='ocrx_word' id='word_1_93' title='bbox 1728 947 1963 1000; x_wconf 80' lang='lat' dir='ltr'>superiora</span> 
     </span>
     <span class='ocr_line' id='line_1_13' title="bbox 252 1005 1964 1060; baseline -0.001 -11"><span class='ocrx_word' id='word_1_94' title='bbox 252 1007 465 1060; x_wconf 86' lang='lat' dir='ltr'>elongatis</span> <span class='ocrx_word' id='word_1_95' title='bbox 500 1007 665 1048; x_wconf 84' lang='lat' dir='ltr'>intimis</span> <span class='ocrx_word' id='word_1_96' title='bbox 700 1006 904 1048; x_wconf 88' lang='lat' dir='ltr'>scariosis</span> <span class='ocrx_word' id='word_1_97' title='bbox 939 1006 1143 1048; x_wconf 83' lang='lat' dir='ltr'>ciliatulis</span> <span class='ocrx_word' id='word_1_98' title='bbox 1179 1006 1435 1049; x_wconf 82' lang='lat' dir='ltr'>acuminatis</span> <span class='ocrx_word' id='word_1_99' title='bbox 1463 1005 1657 1047; x_wconf 83' lang='lat' dir='ltr'>flosculis</span> <span class='ocrx_word' id='word_1_100' title='bbox 1689 1006 1828 1048; x_wconf 88' lang='lat' dir='ltr'>roseis</span> <span class='ocrx_word' id='word_1_101' title='bbox 1857 1006 1964 1048; x_wconf 85' lang='lat' dir='ltr'>sub·</span> 
     </span>
     <span class='ocr_line' id='line_1_14' title="bbox 253 1063 1224 1120; baseline -0.001 -12"><span class='ocrx_word' id='word_1_102' title='bbox 253 1066 531 1109; x_wconf 84' lang='lat' dir='ltr'>brevioribus</span> <span class='ocrx_word' id='word_1_103' title='bbox 556 1065 624 1120; x_wconf 63' lang='grc' dir='ltr'>(ε).</span> <span class='ocrx_word' id='word_1_104' title='bbox 653 1065 708 1107; x_wconf 90' lang='lat' dir='ltr'>Ic.</span> <span class='ocrx_word' id='word_1_105' title='bbox 737 1064 856 1107; x_wconf 83' lang='lat' dir='ltr'>Bieb.</span> <span class='ocrx_word' id='word_1_106' title='bbox 887 1063 1006 1106; x_wconf 88' lang='lat' dir='ltr'>Ceut.</span> <span class='ocrx_word' id='word_1_107' title='bbox 1035 1065 1119 1107; x_wconf 86' lang='lat' dir='ltr'>lab.</span> <span class='ocrx_word' id='word_1_108' title='bbox 1149 1066 1224 1107; x_wconf 67' lang='lat' dir='ltr'>75.t</span> 
     </span>
    </p>
   </div>
   <div class='ocr_carea' id='block_1_4' title="bbox 253 1138 1956 1234">
    <p class='ocr_par' dir='ltr' id='par_1_4' title="bbox 253 1138 1956 1234">
     <span class='ocr_line' id='line_1_15' title="bbox 303 1138 1956 1186; baseline -0.001 -11"><span class='ocrx_word' id='word_1_109' title='bbox 303 1140 400 1175; x_wconf 85' lang='lat' dir='ltr'>Hab.</span> <span class='ocrx_word' id='word_1_110' title='bbox 428 1140 468 1175; x_wconf 90' lang='lat' dir='ltr'>in</span> <span class='ocrx_word' id='word_1_111' title='bbox 491 1139 686 1175; x_wconf 82' lang='lat' dir='ltr'>ruderatis</span> <span class='ocrx_word' id='word_1_112' title='bbox 709 1142 748 1174; x_wconf 80' lang='lat' dir='ltr'>et</span> <span class='ocrx_word' id='word_1_113' title='bbox 771 1139 897 1174; x_wconf 87' lang='lat' dir='ltr'>vineis</span> <span class='ocrx_word' id='word_1_114' title='bbox 931 1139 1095 1175; x_wconf 82' lang='lat' dir='ltr'>Caucasi</span> <span class='ocrx_word' id='word_1_115' title='bbox 1120 1141 1216 1185; x_wconf 85' lang='lat' dir='ltr'>sept.</span> <span class='ocrx_word' id='word_1_116' title='bbox 1235 1139 1285 1174; x_wconf 86' lang='lat' dir='ltr'>ad</span> <span class='ocrx_word' id='word_1_117' title='bbox 1309 1139 1477 1175; x_wconf 85' lang='lat' dir='ltr'>fluvium</span> <span class='ocrx_word' id='word_1_118' title='bbox 1504 1139 1631 1174; x_wconf 89' lang='lat' dir='ltr'>Terek</span> <span class='ocrx_word' id='word_1_119' title='bbox 1663 1138 1816 1185; x_wconf 64' lang='lat' dir='ltr'><strong>(MR),</strong></span> <span class='ocrx_word' id='word_1_120' title='bbox 1846 1149 1956 1186; x_wconf 83' lang='lat' dir='ltr'>prov.</span> 
     </span>
     <span class='ocr_line' id='line_1_16' title="bbox 253 1186 1655 1234; baseline -0.001 -11"><span class='ocrx_word' id='word_1_121' title='bbox 253 1187 426 1232; x_wconf 84' lang='lat' dir='ltr'>Talysch</span> <span class='ocrx_word' id='word_1_122' title='bbox 445 1190 482 1223; x_wconf 89' lang='lat' dir='ltr'>et</span> <span class='ocrx_word' id='word_1_123' title='bbox 499 1197 619 1234; x_wconf 91' lang='lat' dir='ltr'>prope</span> <span class='ocrx_word' id='word_1_124' title='bbox 637 1186 844 1222; x_wconf 87' lang='lat' dir='ltr'>Lenkoran</span> <span class='ocrx_word' id='word_1_125' title='bbox 864 1186 912 1221; x_wconf 83' lang='lat' dir='ltr'>ad</span> <span class='ocrx_word' id='word_1_126' title='bbox 930 1196 1038 1222; x_wconf 88' lang='lat' dir='ltr'>mare</span> <span class='ocrx_word' id='word_1_127' title='bbox 1059 1188 1249 1232; x_wconf 69' lang='lat' dir='ltr'>Caspium</span> <span class='ocrx_word' id='word_1_128' title='bbox 1267 1186 1446 1231; x_wconf 81' lang='lat' dir='ltr'>(C.A.M.t</span> <span class='ocrx_word' id='word_1_129' title='bbox 1466 1186 1655 1232; x_wconf 80' lang='lat' dir='ltr'>Hohenl).</span> 
     </span>
    </p>
   </div>
   <div class='ocr_carea' id='block_1_5' title="bbox 256 1257 1966 1494">
    <p class='ocr_par' dir='ltr' id='par_1_5' title="bbox 256 1257 1966 1494">
     <span class='ocr_line' id='line_1_17' title="bbox 302 1257 1960 1306; baseline 0.002 -12"><span class='ocrx_word' id='word_1_130' title='bbox 302 1259 414 1295; x_wconf 85' lang='lat' dir='ltr'>Facie</span> <span class='ocrx_word' id='word_1_131' title='bbox 445 1262 483 1295; x_wconf 88' lang='lat' dir='ltr'>et</span> <span class='ocrx_word' id='word_1_132' title='bbox 508 1258 739 1306; x_wconf 86' lang='lat' dir='ltr'>pedunculis</span> <span class='ocrx_word' id='word_1_133' title='bbox 765 1258 1010 1303; x_wconf 82' lang='lat' dir='ltr'>longissimis</span> <span class='ocrx_word' id='word_1_134' title='bbox 1040 1258 1276 1305; x_wconf 78' lang='lat' dir='ltr'>Tyrimnum</span> <span class='ocrx_word' id='word_1_135' title='bbox 1308 1257 1620 1305; x_wconf 74' lang='lat' dir='ltr'>leucoyraphum</span> <span class='ocrx_word' id='word_1_136' title='bbox 1644 1262 1682 1295; x_wconf 88' lang='lat' dir='ltr'>et</span> <span class='ocrx_word' id='word_1_137' title='bbox 1705 1258 1744 1295; x_wconf 93' lang='lat' dir='ltr'>C.</span> <span class='ocrx_word' id='word_1_138' title='bbox 1774 1259 1960 1297; x_wconf 80' lang='lat' dir='ltr'>collinum</span> 
     </span>
     <span class='ocr_line' id='line_1_18' title="bbox 256 1305 1963 1352; baseline 0.001 -11"><span class='ocrx_word' id='word_1_139' title='bbox 256 1307 417 1342; x_wconf 88' lang='lat' dir='ltr'>omnino</span> <span class='ocrx_word' id='word_1_140' title='bbox 435 1308 567 1351; x_wconf 73' lang='lat' dir='ltr'>resert3</span> <span class='ocrx_word' id='word_1_141' title='bbox 586 1306 692 1352; x_wconf 89' lang='lat' dir='ltr'>prior</span> <span class='ocrx_word' id='word_1_142' title='bbox 713 1309 852 1351; x_wconf 72' lang='lat' dir='ltr'>praeter</span> <span class='ocrx_word' id='word_1_143' title='bbox 870 1305 1054 1341; x_wconf 84' lang='lat' dir='ltr'>flosculos</span> <span class='ocrx_word' id='word_1_144' title='bbox 1081 1306 1319 1351; x_wconf 82' lang='lat' dir='ltr'>marginales</span> <span class='ocrx_word' id='word_1_145' title='bbox 1346 1309 1517 1350; x_wconf 87' lang='lat' dir='ltr'>neutros,</span> <span class='ocrx_word' id='word_1_146' title='bbox 1536 1306 1739 1342; x_wconf 82' lang='lat' dir='ltr'>filamenta</span> <span class='ocrx_word' id='word_1_147' title='bbox 1760 1306 1963 1343; x_wconf 88' lang='lat' dir='ltr'>monadel·</span> 
     </span>
     <span class='ocr_line' id='line_1_19' title="bbox 284 1352 1960 1400; baseline 0.001 -12"><span class='ocrx_word' id='word_1_148' title='bbox 284 1354 345 1397; x_wconf 78' lang='lat' dir='ltr'>ha,</span> <span class='ocrx_word' id='word_1_149' title='bbox 362 1354 525 1388; x_wconf 84' lang='lat' dir='ltr'>achenia</span> <span class='ocrx_word' id='word_1_150' title='bbox 541 1354 693 1388; x_wconf 80' lang='lat' dir='ltr'>sulcata</span> <span class='ocrx_word' id='word_1_151' title='bbox 714 1355 914 1398; x_wconf 74' lang='lat' dir='ltr'>tetragona</span> <span class='ocrx_word' id='word_1_152' title='bbox 935 1352 1176 1388; x_wconf 79' lang='lat' dir='ltr'>characteres</span> <span class='ocrx_word' id='word_1_153' title='bbox 1196 1353 1395 1397; x_wconf 84' lang='lat' dir='ltr'>genericos</span> <span class='ocrx_word' id='word_1_154' title='bbox 1414 1353 1544 1388; x_wconf 83' lang='lat' dir='ltr'>diflert</span> <span class='ocrx_word' id='word_1_155' title='bbox 1562 1353 1664 1389; x_wconf 83' lang='lat' dir='ltr'>foliis</span> <span class='ocrx_word' id='word_1_156' title='bbox 1683 1353 1785 1398; x_wconf 83' lang='lat' dir='ltr'>latis,</span> <span class='ocrx_word' id='word_1_157' title='bbox 1806 1354 1960 1400; x_wconf 82' lang='lat' dir='ltr'>phyllis</span> 
     </span>
     <span class='ocr_line' id='line_1_20' title="bbox 272 1399 1966 1448; baseline 0.001 -13"><span class='ocrx_word' id='word_1_158' title='bbox 272 1401 346 1435; x_wconf 83' lang='lat' dir='ltr'>atis</span> <span class='ocrx_word' id='word_1_159' title='bbox 374 1399 817 1446; x_wconf 74' lang='lat' dir='ltr'>oblongo-lanceolatis3</span> <span class='ocrx_word' id='word_1_160' title='bbox 845 1401 1035 1445; x_wconf 73' lang='lat' dir='ltr'>posterior</span> <span class='ocrx_word' id='word_1_161' title='bbox 1065 1399 1170 1435; x_wconf 80' lang='lat' dir='ltr'>foliis</span> <span class='ocrx_word' id='word_1_162' title='bbox 1202 1400 1449 1447; x_wconf 85' lang='lat' dir='ltr'>hypoleucis,</span> <span class='ocrx_word' id='word_1_163' title='bbox 1481 1400 1632 1448; x_wconf 85' lang='lat' dir='ltr'>phyllis</span> <span class='ocrx_word' id='word_1_164' title='bbox 1660 1411 1781 1437; x_wconf 82' lang='lat' dir='ltr'>nervo</span> <span class='ocrx_word' id='word_1_165' title='bbox 1807 1401 1966 1437; x_wconf 82' lang='lat' dir='ltr'>elevato</span> 
     </span>
     <span class='ocr_line' id='line_1_21' title="bbox 256 1447 1409 1494; baseline -0.002 -11"><span class='ocrx_word' id='word_1_166' title='bbox 256 1448 449 1494; x_wconf 78' lang='lat' dir='ltr'>percursis</span> <span class='ocrx_word' id='word_1_167' title='bbox 471 1449 509 1483; x_wconf 88' lang='lat' dir='ltr'>iu</span> <span class='ocrx_word' id='word_1_168' title='bbox 528 1447 729 1494; x_wconf 80' lang='lat' dir='ltr'>spinulam</span> <span class='ocrx_word' id='word_1_169' title='bbox 748 1447 894 1482; x_wconf 83' lang='lat' dir='ltr'>sensim</span> <span class='ocrx_word' id='word_1_170' title='bbox 912 1448 1122 1482; x_wconf 82' lang='lat' dir='ltr'>attenuatis</span> <span class='ocrx_word' id='word_1_171' title='bbox 1141 1447 1409 1493; x_wconf 84' lang='lat' dir='ltr'>distinguitur.</span> 
     </span>
    </p>
   </div>
   <div class='ocr_carea' id='block_1_6' title="bbox 255 1578 1969 2226">
    <p class='ocr_par' dir='ltr' id='par_1_6' title="bbox 256 1578 1968 2106">
     <span class='ocr_line' id='line_1_22' title="bbox 321 1578 1960 1635; baseline 0 -13"><span class='ocrx_word' id='word_1_172' title='bbox 321 1582 385 1623; x_wconf 78' lang='lat'>16.</span> <span class='ocrx_word' id='word_1_173' title='bbox 420 1581 474 1624; x_wconf 86' lang='lat' dir='ltr'>C.</span> <span class='ocrx_word' id='word_1_174' title='bbox 513 1579 753 1635; x_wconf 86' lang='lat' dir='ltr'>crispus</span> <span class='ocrx_word' id='word_1_175' title='bbox 788 1580 854 1634; x_wconf 79' lang='lat' dir='ltr'>(L.</span> <span class='ocrx_word' id='word_1_176' title='bbox 883 1579 954 1633; x_wconf 86' lang='lat' dir='ltr'>Sp.</span> <span class='ocrx_word' id='word_1_177' title='bbox 983 1579 1116 1633; x_wconf 76' lang='lat'>1150)</span> <span class='ocrx_word' id='word_1_178' title='bbox 1150 1579 1271 1622; x_wconf 87' lang='lat' dir='ltr'>caule</span> <span class='ocrx_word' id='word_1_179' title='bbox 1307 1580 1419 1621; x_wconf 82' lang='lat' dir='ltr'>elato</span> <span class='ocrx_word' id='word_1_180' title='bbox 1454 1591 1625 1622; x_wconf 85' lang='lat' dir='ltr'>ramoso</span> <span class='ocrx_word' id='word_1_181' title='bbox 1658 1578 1737 1621; x_wconf 87' lang='lat' dir='ltr'>alis</span> <span class='ocrx_word' id='word_1_182' title='bbox 1763 1579 1960 1622; x_wconf 89' lang='lat' dir='ltr'>denticu-</span> 
     </span>
     <span class='ocr_line' id='line_1_23' title="bbox 256 1638 1965 1693; baseline -0.001 -11"><span class='ocrx_word' id='word_1_183' title='bbox 256 1640 355 1682; x_wconf 82' lang='lat' dir='ltr'>latis</span> <span class='ocrx_word' id='word_1_184' title='bbox 382 1641 573 1683; x_wconf 86' lang='lat' dir='ltr'>breviter</span> <span class='ocrx_word' id='word_1_185' title='bbox 598 1639 837 1693; x_wconf 82' lang='lat' dir='ltr'>spinulosis</span> <span class='ocrx_word' id='word_1_186' title='bbox 864 1638 1117 1691; x_wconf 67' lang='lat' dir='ltr'>marginatQ</span> <span class='ocrx_word' id='word_1_187' title='bbox 1144 1638 1256 1681; x_wconf 87' lang='lat' dir='ltr'>foliis</span> <span class='ocrx_word' id='word_1_188' title='bbox 1277 1651 1410 1691; x_wconf 83' lang='lat' dir='ltr'>supra</span> <span class='ocrx_word' id='word_1_189' title='bbox 1438 1639 1783 1681; x_wconf 85' lang='lat' dir='ltr'>alrovirentibus</span> <span class='ocrx_word' id='word_1_190' title='bbox 1800 1638 1965 1682; x_wconf 79' lang='lat' dir='ltr'>subtus.</span> 
     </span>
     <span class='ocr_line' id='line_1_24' title="bbox 257 1697 1962 1751; baseline 0 -10"><span class='ocrx_word' id='word_1_191' title='bbox 257 1699 588 1741; x_wconf 81' lang='lat' dir='ltr'>canescentibus</span> <span class='ocrx_word' id='word_1_192' title='bbox 616 1699 778 1741; x_wconf 85' lang='lat' dir='ltr'>teneris</span> <span class='ocrx_word' id='word_1_193' title='bbox 796 1698 991 1751; x_wconf 82' lang='lat' dir='ltr'>oblongis</span> <span class='ocrx_word' id='word_1_194' title='bbox 1010 1698 1170 1750; x_wconf 78' lang='lat' dir='ltr'>saepius</span> <span class='ocrx_word' id='word_1_195' title='bbox 1196 1710 1353 1751; x_wconf 86' lang='lat' dir='ltr'>parum</span> <span class='ocrx_word' id='word_1_196' title='bbox 1375 1698 1587 1749; x_wconf 81' lang='lat' dir='ltr'>profunde</span> <span class='ocrx_word' id='word_1_197' title='bbox 1607 1697 1962 1741; x_wconf 84' lang='lat' dir='ltr'>sinuato-lobatis</span> 
     </span>
     <span class='ocr_line' id='line_1_25' title="bbox 258 1756 1962 1812; baseline -0.001 -12"><span class='ocrx_word' id='word_1_198' title='bbox 258 1757 533 1800; x_wconf 78' lang='lat' dir='ltr'>denticulatis</span> <span class='ocrx_word' id='word_1_199' title='bbox 559 1758 725 1801; x_wconf 89' lang='lat' dir='ltr'>minute</span> <span class='ocrx_word' id='word_1_200' title='bbox 745 1756 1150 1812; x_wconf 84' lang='lat' dir='ltr'>spinuloso-ciliatis</span> <span class='ocrx_word' id='word_1_201' title='bbox 1175 1757 1359 1799; x_wconf 89' lang='lat' dir='ltr'>summis</span> <span class='ocrx_word' id='word_1_202' title='bbox 1386 1756 1829 1805; x_wconf 80' lang='lat' dir='ltr'>lineari-lanceolatis‚</span> <span class='ocrx_word' id='word_1_203' title='bbox 1847 1757 1962 1810; x_wconf 86' lang='lat' dir='ltr'>capi·</span> 
     </span>
     <span class='ocr_line' id='line_1_26' title="bbox 259 1815 1966 1869; baseline 0 -10"><span class='ocrx_word' id='word_1_204' title='bbox 259 1816 363 1859; x_wconf 84' lang='lat' dir='ltr'>tulis</span> <span class='ocrx_word' id='word_1_205' title='bbox 382 1816 719 1869; x_wconf 83' lang='lat' dir='ltr'>ovato-globosis</span> <span class='ocrx_word' id='word_1_206' title='bbox 742 1816 922 1858; x_wconf 83' lang='lat' dir='ltr'>minutis</span> <span class='ocrx_word' id='word_1_207' title='bbox 946 1815 999 1857; x_wconf 86' lang='lat' dir='ltr'>ad</span> <span class='ocrx_word' id='word_1_208' title='bbox 1019 1817 1181 1868; x_wconf 83' lang='lat' dir='ltr'>apicem</span> <span class='ocrx_word' id='word_1_209' title='bbox 1205 1827 1426 1857; x_wconf 88' lang='lat' dir='ltr'>ramorum</span> <span class='ocrx_word' id='word_1_210' title='bbox 1451 1816 1731 1869; x_wconf 87' lang='lat' dir='ltr'>spinosorum</span> <span class='ocrx_word' id='word_1_211' title='bbox 1751 1816 1966 1859; x_wconf 79' lang='lat' dir='ltr'>solitariis</span> 
     </span>
     <span class='ocr_line' id='line_1_27' title="bbox 259 1873 1968 1929; baseline -0.001 -11"><span class='ocrx_word' id='word_1_212' title='bbox 259 1874 329 1918; x_wconf 89' lang='lat' dir='ltr'>vel</span> <span class='ocrx_word' id='word_1_213' title='bbox 373 1877 532 1929; x_wconf 82' lang='lat' dir='ltr'>saepius</span> <span class='ocrx_word' id='word_1_214' title='bbox 577 1876 650 1916; x_wconf 72' lang='grc'>2-3</span> <span class='ocrx_word' id='word_1_215' title='bbox 692 1875 954 1929; x_wconf 82' lang='lat' dir='ltr'>aggregatis,</span> <span class='ocrx_word' id='word_1_216' title='bbox 996 1873 1210 1917; x_wconf 87' lang='lat' dir='ltr'>involucri</span> <span class='ocrx_word' id='word_1_217' title='bbox 1252 1874 1537 1927; x_wconf 87' lang='lat' dir='ltr'>glabriusculi</span> <span class='ocrx_word' id='word_1_218' title='bbox 1584 1874 1739 1929; x_wconf 83' lang='lat' dir='ltr'>phyllis</span> <span class='ocrx_word' id='word_1_219' title='bbox 1778 1878 1968 1928; x_wconf 79' lang='lat' dir='ltr'>anguste</span> 
     </span>
     <span class='ocr_line' id='line_1_28' title="bbox 259 1933 1963 1989; baseline 0 -14"><span class='ocrx_word' id='word_1_220' title='bbox 259 1934 687 1977; x_wconf 79' lang='lat' dir='ltr'>lineari-lanceolatis</span> <span class='ocrx_word' id='word_1_221' title='bbox 706 1936 896 1976; x_wconf 87' lang='lat' dir='ltr'>tenuiter</span> <span class='ocrx_word' id='word_1_222' title='bbox 913 1933 1114 1976; x_wconf 87' lang='lat' dir='ltr'>nervosis</span> <span class='ocrx_word' id='word_1_223' title='bbox 1138 1934 1177 1975; x_wconf 90' lang='lat' dir='ltr'>iu</span> <span class='ocrx_word' id='word_1_224' title='bbox 1201 1933 1368 1988; x_wconf 85' lang='lat' dir='ltr'>spinam</span> <span class='ocrx_word' id='word_1_225' title='bbox 1392 1933 1696 1976; x_wconf 80' lang='lat' dir='ltr'>tenuissimam</span> <span class='ocrx_word' id='word_1_226' title='bbox 1719 1933 1963 1989; x_wconf 85' lang='lat' dir='ltr'>angustatis</span> 
     </span>
     <span class='ocr_line' id='line_1_29' title="bbox 258 1992 1967 2036; baseline 0.001 -2"><span class='ocrx_word' id='word_1_227' title='bbox 258 1992 311 2035; x_wconf 81' lang='lat' dir='ltr'>ab</span> <span class='ocrx_word' id='word_1_228' title='bbox 344 1993 507 2034; x_wconf 83' lang='lat' dir='ltr'>infimis</span> <span class='ocrx_word' id='word_1_229' title='bbox 542 1992 818 2035; x_wconf 88' lang='lat' dir='ltr'>brevioribus</span> <span class='ocrx_word' id='word_1_230' title='bbox 841 1994 894 2035; x_wconf 86' lang='lat' dir='ltr'>ad</span> <span class='ocrx_word' id='word_1_231' title='bbox 922 1992 1072 2034; x_wconf 84' lang='lat' dir='ltr'>intima</span> <span class='ocrx_word' id='word_1_232' title='bbox 1098 1993 1288 2036; x_wconf 85' lang='lat' dir='ltr'>scariosa</span> <span class='ocrx_word' id='word_1_233' title='bbox 1311 1993 1554 2035; x_wconf 79' lang='lat' dir='ltr'>acuminata</span> <span class='ocrx_word' id='word_1_234' title='bbox 1582 1992 1786 2035; x_wconf 83' lang='lat' dir='ltr'>flosculos</span> <span class='ocrx_word' id='word_1_235' title='bbox 1810 2005 1967 2036; x_wconf 83' lang='lat' dir='ltr'>roseos-</span> 
     </span>
     <span class='ocr_line' id='line_1_30' title="bbox 257 2051 1916 2106; baseline 0.001 -13"><span class='ocrx_word' id='word_1_236' title='bbox 257 2051 559 2106; x_wconf 82' lang='lat' dir='ltr'>subaequantia</span> <span class='ocrx_word' id='word_1_237' title='bbox 585 2052 792 2105; x_wconf 87' lang='lat' dir='ltr'>elongatis</span> <span class='ocrx_word' id='word_1_238' title='bbox 818 2051 886 2106; x_wconf 69' lang='grc' dir='ltr'>Θ.</span> <span class='ocrx_word' id='word_1_239' title='bbox 919 2051 969 2093; x_wconf 89' lang='lat' dir='ltr'>lc.</span> <span class='ocrx_word' id='word_1_240' title='bbox 997 2051 1058 2093; x_wconf 83' lang='lat' dir='ltr'>Fl.</span> <span class='ocrx_word' id='word_1_241' title='bbox 1090 2051 1197 2093; x_wconf 88' lang='lat' dir='ltr'>Dan.</span> <span class='ocrx_word' id='word_1_242' title='bbox 1225 2052 1310 2094; x_wconf 88' lang='lat' dir='ltr'>tab.</span> <span class='ocrx_word' id='word_1_243' title='bbox 1337 2052 1435 2093; x_wconf 71' lang='lat'><strong>621.</strong></span> <span class='ocrx_word' id='word_1_244' title='bbox 1462 2076 1517 2080; x_wconf 90' lang='lat'>—</span> <span class='ocrx_word' id='word_1_245' title='bbox 1544 2051 1677 2093; x_wconf 82' lang='lat' dir='ltr'>Rchb.</span> <span class='ocrx_word' id='word_1_246' title='bbox 1708 2052 1792 2094; x_wconf 83' lang='lat' dir='ltr'>tab.</span> <span class='ocrx_word' id='word_1_247' title='bbox 1822 2053 1916 2094; x_wconf 72' lang='lat'>149.</span> 
     </span>
    </p>

    <p class='ocr_par' dir='ltr' id='par_1_7' title="bbox 255 2132 1969 2226">
     <span class='ocr_line' id='line_1_31' title="bbox 304 2132 1969 2180; baseline 0 -12"><span class='ocrx_word' id='word_1_248' title='bbox 304 2133 404 2168; x_wconf 81' lang='lat' dir='ltr'>Hah.</span> <span class='ocrx_word' id='word_1_249' title='bbox 423 2134 462 2169; x_wconf 89' lang='lat' dir='ltr'>in</span> <span class='ocrx_word' id='word_1_250' title='bbox 483 2133 657 2169; x_wconf 85' lang='lat' dir='ltr'>humidis</span> <span class='ocrx_word' id='word_1_251' title='bbox 675 2133 854 2168; x_wconf 82' lang='lat' dir='ltr'>Thraciae</span> <span class='ocrx_word' id='word_1_252' title='bbox 874 2132 1059 2168; x_wconf 84' lang='lat' dir='ltr'>littoralis</span> <span class='ocrx_word' id='word_1_253' title='bbox 1076 2133 1283 2178; x_wconf 81' lang='lat' dir='ltr'>(Grisebl)‚</span> <span class='ocrx_word' id='word_1_254' title='bbox 1295 2133 1451 2169; x_wconf 87' lang='lat' dir='ltr'>Tauriae</span> <span class='ocrx_word' id='word_1_255' title='bbox 1467 2133 1618 2179; x_wconf 57' lang='lat' dir='ltr'>(stem,</span> <span class='ocrx_word' id='word_1_256' title='bbox 1636 2134 1804 2170; x_wconf 83' lang='lat' dir='ltr'>Caucasi</span> <span class='ocrx_word' id='word_1_257' title='bbox 1819 2133 1969 2180; x_wconf 53' lang='lat' dir='ltr'>(MR),</span> 
     </span>
     <span class='ocr_line' id='line_1_32' title="bbox 255 2180 1221 2226; baseline 0 -10"><span class='ocrx_word' id='word_1_258' title='bbox 255 2180 436 2226; x_wconf 81' lang='lat' dir='ltr'>Georgiae</span> <span class='ocrx_word' id='word_1_259' title='bbox 455 2181 677 2216; x_wconf 73' lang='lat' dir='ltr'>Caucasicae</span> <span class='ocrx_word' id='word_1_260' title='bbox 695 2180 744 2216; x_wconf 84' lang='lat' dir='ltr'>ad</span> <span class='ocrx_word' id='word_1_261' title='bbox 763 2180 995 2215; x_wconf 84' lang='lat' dir='ltr'>Marienfeld</span> <span class='ocrx_word' id='word_1_262' title='bbox 1014 2180 1221 2225; x_wconf 80' lang='lat' dir='ltr'>(Hohenl).</span> 
     </span>
    </p>
   </div>
   <div class='ocr_carea' id='block_1_7' title="bbox 256 2243 1964 2336">
    <p class='ocr_par' dir='ltr' id='par_1_8' title="bbox 256 2243 1964 2336">
     <span class='ocr_line' id='line_1_33' title="bbox 304 2243 1964 2291; baseline 0.001 -12"><span class='ocrx_word' id='word_1_263' title='bbox 304 2244 364 2280; x_wconf 77' lang='lat' dir='ltr'>Ar.</span> <span class='ocrx_word' id='word_1_264' title='bbox 392 2245 527 2289; x_wconf 76' lang='lat' dir='ltr'>Geoqr.</span> <span class='ocrx_word' id='word_1_265' title='bbox 557 2244 713 2289; x_wconf 86' lang='lat' dir='ltr'>Europa</span> <span class='ocrx_word' id='word_1_266' title='bbox 742 2243 912 2279; x_wconf 80' lang='lat' dir='ltr'>borealis</span> <span class='ocrx_word' id='word_1_267' title='bbox 947 2245 984 2278; x_wconf 86' lang='lat' dir='ltr'>et</span> <span class='ocrx_word' id='word_1_268' title='bbox 1017 2244 1148 2279; x_wconf 90' lang='lat' dir='ltr'>media</span> <span class='ocrx_word' id='word_1_269' title='bbox 1178 2255 1201 2278; x_wconf 84' lang='lat' dir='ltr'>a</span> <span class='ocrx_word' id='word_1_270' title='bbox 1231 2243 1495 2280; x_wconf 61' lang='lat' dir='ltr'>scandinavia</span> <span class='ocrx_word' id='word_1_271' title='bbox 1527 2244 1577 2279; x_wconf 87' lang='lat' dir='ltr'>ad</span> <span class='ocrx_word' id='word_1_272' title='bbox 1609 2244 1805 2291; x_wconf 84' lang='lat' dir='ltr'>Bossiam‚</span> <span class='ocrx_word' id='word_1_273' title='bbox 1831 2243 1964 2281; x_wconf 73' lang='lat' dir='ltr'>Gallia</span> 
     </span>
     <span class='ocr_line' id='line_1_34' title="bbox 256 2290 1655 2336; baseline 0.001 -10"><span class='ocrx_word' id='word_1_274' title='bbox 256 2292 387 2328; x_wconf 76' lang='lat' dir='ltr'>media</span> <span class='ocrx_word' id='word_1_275' title='bbox 406 2294 445 2326; x_wconf 82' lang='lat' dir='ltr'>et</span> <span class='ocrx_word' id='word_1_276' title='bbox 462 2292 574 2327; x_wconf 85' lang='lat' dir='ltr'>ltalia</span> <span class='ocrx_word' id='word_1_277' title='bbox 593 2291 741 2327; x_wconf 85' lang='lat' dir='ltr'>boreali</span> <span class='ocrx_word' id='word_1_278' title='bbox 760 2290 808 2326; x_wconf 88' lang='lat' dir='ltr'>ad</span> <span class='ocrx_word' id='word_1_279' title='bbox 827 2291 1029 2336; x_wconf 84' lang='lat' dir='ltr'>regionem</span> <span class='ocrx_word' id='word_1_280' title='bbox 1047 2291 1327 2336; x_wconf 78' lang='lat' dir='ltr'>Danuhialem,</span> <span class='ocrx_word' id='word_1_281' title='bbox 1346 2291 1492 2326; x_wconf 82' lang='lat' dir='ltr'>Sibiria</span> <span class='ocrx_word' id='word_1_282' title='bbox 1512 2292 1655 2328; x_wconf 88' lang='lat' dir='ltr'>omnis.</span> 
     </span>
    </p>
   </div>
   <div class='ocr_carea' id='block_1_8' title="bbox 970 2417 1251 2455">
    <p class='ocr_par' dir='ltr' id='par_1_9' title="bbox 970 2417 1251 2455">
     <span class='ocr_line' id='line_1_35' title="bbox 970 2417 1251 2455; baseline 0 0"><span class='ocrx_word' id='word_1_283' title='bbox 970 2418 987 2436; x_wconf 89' lang='lat'>¹&#39;</span> <span class='ocrx_word' id='word_1_284' title='bbox 1015 2418 1033 2436; x_wconf 80' lang='grc'><em>·</em></span> <span class='ocrx_word' id='word_1_285' title='bbox 1060 2417 1080 2437; x_wconf 78' lang='lat'><strong>¹</strong></span> <span class='ocrx_word' id='word_1_286' title='bbox 1105 2419 1251 2455; x_wconf 81' lang='lat' dir='ltr'>Annui.</span> 
     </span>
    </p>
   </div>
   <div class='ocr_carea' id='block_1_9' title="bbox 257 2519 1964 3046">
    <p class='ocr_par' dir='ltr' id='par_1_10' title="bbox 257 2519 1964 3046">
     <span class='ocr_line' id='line_1_36' title="bbox 323 2519 1964 2575; baseline 0 -13"><span class='ocrx_word' id='word_1_287' title='bbox 323 2521 388 2562; x_wconf 84' lang='lat'>17.</span> <span class='ocrx_word' id='word_1_288' title='bbox 424 2521 476 2564; x_wconf 88' lang='lat' dir='ltr'>C.</span> <span class='ocrx_word' id='word_1_289' title='bbox 512 2519 997 2575; x_wconf 84' lang='lat' dir='ltr'>pycnocephalus</span> <span class='ocrx_word' id='word_1_290' title='bbox 1030 2519 1168 2575; x_wconf 82' lang='lat' dir='ltr'>(Jacq.</span> <span class='ocrx_word' id='word_1_291' title='bbox 1206 2519 1327 2563; x_wconf 85' lang='lat' dir='ltr'>Hort.</span> <span class='ocrx_word' id='word_1_292' title='bbox 1356 2520 1482 2562; x_wconf 90' lang='lat' dir='ltr'>Vind.</span> <span class='ocrx_word' id='word_1_293' title='bbox 1512 2520 1543 2569; x_wconf 71' lang='grc' dir='ltr'>Ι,</span> <span class='ocrx_word' id='word_1_294' title='bbox 1582 2533 1621 2573; x_wconf 83' lang='grc' dir='ltr'>ρ.</span> <span class='ocrx_word' id='word_1_295' title='bbox 1658 2520 1719 2571; x_wconf 86' lang='lat'>¹7,</span> <span class='ocrx_word' id='word_1_296' title='bbox 1758 2519 1842 2562; x_wconf 85' lang='lat' dir='ltr'>tab.</span> <span class='ocrx_word' id='word_1_297' title='bbox 1882 2520 1964 2575; x_wconf 80' lang='lat'>44)-</span> 
     </span>
     <span class='ocr_line' id='line_1_37' title="bbox 258 2577 1961 2634; baseline -0.001 -11"><span class='ocrx_word' id='word_1_298' title='bbox 258 2580 380 2623; x_wconf 88' lang='lat' dir='ltr'>caule</span> <span class='ocrx_word' id='word_1_299' title='bbox 404 2580 588 2632; x_wconf 88' lang='lat' dir='ltr'>simplici</span> <span class='ocrx_word' id='word_1_300' title='bbox 608 2581 673 2622; x_wconf 90' lang='lat' dir='ltr'>vel</span> <span class='ocrx_word' id='word_1_301' title='bbox 697 2592 868 2622; x_wconf 88' lang='lat' dir='ltr'>ramoso</span> <span class='ocrx_word' id='word_1_302' title='bbox 887 2579 967 2622; x_wconf 84' lang='lat' dir='ltr'>alis</span> <span class='ocrx_word' id='word_1_303' title='bbox 993 2579 1234 2622; x_wconf 85' lang='lat' dir='ltr'>latiusculis</span> <span class='ocrx_word' id='word_1_304' title='bbox 1257 2577 1783 2634; x_wconf 84' lang='lat' dir='ltr'>sinuato-pinnatilobatis</span> <span class='ocrx_word' id='word_1_305' title='bbox 1808 2579 1961 2622; x_wconf 85' lang='lat' dir='ltr'>crebre</span> 
     </span>
     <span class='ocr_line' id='line_1_38' title="bbox 258 2697 1963 2751; baseline 0 -12"><span class='ocrx_word' id='word_1_306' title='bbox 258 2698 422 2740; x_wconf 86' lang='lat' dir='ltr'>ambitu</span> <span class='ocrx_word' id='word_1_307' title='bbox 442 2697 845 2751; x_wconf 86' lang='lat' dir='ltr'>obovato-oblongis</span> <span class='ocrx_word' id='word_1_308' title='bbox 863 2698 905 2739; x_wconf 81' lang='lat' dir='ltr'>in</span> <span class='ocrx_word' id='word_1_309' title='bbox 929 2697 1105 2740; x_wconf 81' lang='lat' dir='ltr'>lacinias</span> <span class='ocrx_word' id='word_1_310' title='bbox 1125 2698 1429 2740; x_wconf 83' lang='lat' dir='ltr'>subrelrorsas</span> <span class='ocrx_word' id='word_1_311' title='bbox 1453 2697 1716 2740; x_wconf 76' lang='lat' dir='ltr'>seniiovatas</span> <span class='ocrx_word' id='word_1_312' title='bbox 1739 2697 1963 2750; x_wconf 86' lang='lat' dir='ltr'>angulato-</span> 
     </span>
     <span class='ocr_line' id='line_1_39' title="bbox 258 2755 1960 2811; baseline 0.001 -14"><span class='ocrx_word' id='word_1_313' title='bbox 258 2755 457 2799; x_wconf 85' lang='lat' dir='ltr'>dentatas</span> <span class='ocrx_word' id='word_1_314' title='bbox 484 2757 732 2810; x_wconf 87' lang='lat' dir='ltr'>spinulosas</span> <span class='ocrx_word' id='word_1_315' title='bbox 760 2755 918 2800; x_wconf 86' lang='lat' dir='ltr'>versus</span> <span class='ocrx_word' id='word_1_316' title='bbox 945 2756 1064 2797; x_wconf 84' lang='lat' dir='ltr'>basin</span> <span class='ocrx_word' id='word_1_317' title='bbox 1093 2756 1330 2799; x_wconf 89' lang='lat' dir='ltr'>diminutas</span> <span class='ocrx_word' id='word_1_318' title='bbox 1359 2756 1626 2811; x_wconf 85' lang='lat' dir='ltr'>pinnatilidis</span> <span class='ocrx_word' id='word_1_319' title='bbox 1653 2755 1960 2811; x_wconf 83' lang='lat' dir='ltr'>superioribus</span> 
     </span>
     <span class='ocr_line' id='line_1_40' title="bbox 257 2814 1960 2869; baseline 0.001 -14"><span class='ocrx_word' id='word_1_320' title='bbox 257 2815 499 2867; x_wconf 64' lang='lat' dir='ltr'>angustans</span> <span class='ocrx_word' id='word_1_321' title='bbox 525 2816 691 2859; x_wconf 87' lang='lat' dir='ltr'>laciniis</span> <span class='ocrx_word' id='word_1_322' title='bbox 714 2818 910 2863; x_wconf 78' lang='lat' dir='ltr'>acutatis,</span> <span class='ocrx_word' id='word_1_323' title='bbox 938 2815 1139 2869; x_wconf 87' lang='lat' dir='ltr'>capitulis</span> <span class='ocrx_word' id='word_1_324' title='bbox 1166 2816 1344 2859; x_wconf 80' lang='lat' dir='ltr'>minutis</span> <span class='ocrx_word' id='word_1_325' title='bbox 1366 2816 1442 2857; x_wconf 79' lang='lat'>2-5</span> <span class='ocrx_word' id='word_1_326' title='bbox 1465 2814 1694 2859; x_wconf 88' lang='lat' dir='ltr'>sessilibus</span> <span class='ocrx_word' id='word_1_327' title='bbox 1715 2814 1769 2857; x_wconf 87' lang='lat' dir='ltr'>ad</span> <span class='ocrx_word' id='word_1_328' title='bbox 1792 2814 1960 2869; x_wconf 87' lang='lat' dir='ltr'>pedun-</span> 
     </span>
     <span class='ocr_line' id='line_1_41' title="bbox 258 2872 1963 2928; baseline 0.001 -13"><span class='ocrx_word' id='word_1_329' title='bbox 258 2874 454 2915; x_wconf 86' lang='lat' dir='ltr'>culorum</span> <span class='ocrx_word' id='word_1_330' title='bbox 501 2875 778 2928; x_wconf 89' lang='lat' dir='ltr'>spinosorum</span> <span class='ocrx_word' id='word_1_331' title='bbox 820 2876 982 2928; x_wconf 79' lang='lat' dir='ltr'>apicem</span> <span class='ocrx_word' id='word_1_332' title='bbox 1025 2875 1240 2927; x_wconf 84' lang='lat' dir='ltr'>congestis</span> <span class='ocrx_word' id='word_1_333' title='bbox 1278 2874 1499 2928; x_wconf 84' lang='lat' dir='ltr'>oblongis,</span> <span class='ocrx_word' id='word_1_334' title='bbox 1541 2873 1756 2917; x_wconf 87' lang='lat' dir='ltr'>involucri</span> <span class='ocrx_word' id='word_1_335' title='bbox 1798 2872 1963 2928; x_wconf 88' lang='lat' dir='ltr'>phyllis</span> 
     </span>
     <span class='ocr_line' id='line_1_42' title="bbox 259 2932 1963 2987; baseline 0.001 -15"><span class='ocrx_word' id='word_1_336' title='bbox 259 2937 439 2985; x_wconf 80' lang='lat' dir='ltr'>anguste</span> <span class='ocrx_word' id='word_1_337' title='bbox 463 2934 929 2986; x_wconf 85' lang='lat' dir='ltr'>scarioso-marginatis</span> <span class='ocrx_word' id='word_1_338' title='bbox 956 2934 998 2975; x_wconf 91' lang='lat' dir='ltr'>in</span> <span class='ocrx_word' id='word_1_339' title='bbox 1024 2934 1240 2987; x_wconf 87' lang='lat' dir='ltr'>spinulam</span> <span class='ocrx_word' id='word_1_340' title='bbox 1267 2933 1392 2986; x_wconf 89' lang='lat' dir='ltr'>longe</span> <span class='ocrx_word' id='word_1_341' title='bbox 1414 2933 1651 2976; x_wconf 82' lang='lat' dir='ltr'>attenuatis</span> <span class='ocrx_word' id='word_1_342' title='bbox 1676 2933 1833 2975; x_wconf 86' lang='lat' dir='ltr'>erectis</span> <span class='ocrx_word' id='word_1_343' title='bbox 1856 2932 1963 2975; x_wconf 84' lang='lat' dir='ltr'>sub·</span> 
     </span>
     <span class='ocr_line' id='line_1_43' title="bbox 259 2989 1963 3046; baseline 0.002 -16"><span class='ocrx_word' id='word_1_344' title='bbox 259 2989 589 3043; x_wconf 70' lang='lat' dir='ltr'>diver-gentibus</span> <span class='ocrx_word' id='word_1_345' title='bbox 616 2992 897 3035; x_wconf 81' lang='lat' dir='ltr'>inferioribus</span> <span class='ocrx_word' id='word_1_346' title='bbox 925 2997 1106 3045; x_wconf 86' lang='lat' dir='ltr'>anguste</span> <span class='ocrx_word' id='word_1_347' title='bbox 1137 2992 1384 3035; x_wconf 88' lang='lat' dir='ltr'>lonceolatis</span> <span class='ocrx_word' id='word_1_348' title='bbox 1409 3004 1546 3035; x_wconf 87' lang='lat' dir='ltr'>nervo</span> <span class='ocrx_word' id='word_1_349' title='bbox 1573 2992 1796 3046; x_wconf 87' lang='lat' dir='ltr'>percursis</span> <span class='ocrx_word' id='word_1_350' title='bbox 1824 2992 1963 3034; x_wconf 84' lang='lat' dir='ltr'>inter-</span> 
     </span>
    </p>
   </div>
  </div>
 </body>
</html>
