2090 3291
215 243 286 282 932
893 248 1242 275 CAMPANULACEAE.
1641 237 1738 275 Cam
1741 239 1910 286 panula.

709 407 746 445 -ξ-
776 406 817 446 4-
846 402 975 447 Calyx
997 412 1073 436 non
1093 400 1429 447 appendiculatus.

277 526 346 566 94.
386 523 439 566 C.
474 518 943 575 dimorphantha
966 518 1211 572 [Scliweinf.
1235 518 1367 559 Beitr.
1398 516 1457 559 Fl.
1484 516 1727 570 AEtliiopiae,
1757 530 1795 570 p.
1818 516 1917 572 140)

217 584 363 638 patule
388 582 554 624 hirsuta
584 584 747 629 tenera,
773 578 968 620 caulibus
995 577 1149 618 erectis
1175 575 1351 630 pumilis
1375 575 1646 629 simplicibus
1675 577 1741 618 vel
1769 576 1919 618 stricte

217 643 416 687 ramosis,
443 640 554 683 foliis
584 638 923 679 membranaceis
947 635 1134 677 dentatis
1158 634 1437 677 inferioribus
1464 635 1604 677 ovatis
1628 636 1694 677 vel
1721 635 1917 688 oblongis

215 702 308 743 basi
357 698 589 742 attenuatis
636 695 937 750 subpetiolatis
986 694 1207 742 confertis,
1236 693 1539 747 superioribus
1588 694 1832 736 lanceolatis
1876 698 1919 735 et

215 757 642 811 lineari-lanceolatis
667 754 944 797 denticulatis
972 753 1041 796 vel
1069 753 1264 806 integris,
1294 752 1475 794 floribus
1502 753 1553 794 ud
1583 753 1737 795 axillas
1766 764 1919 806 supre-

214 832 306 862 mas
334 817 541 860 solitariis
578 814 754 857 minutis
790 813 1049 867 pedunculis
1086 812 1223 865 longIs
1256 812 1385 853 rectis
1421 811 1700 865 capillaribus
1727 811 1919 854 suffultis

215 879 310 920 aliis
336 876 549 918 fertilibus
572 873 762 916 minimis
785 872 945 914 corolla
966 871 1184 913 destitutis
1209 871 1302 912 aliis
1328 869 1562 921 corollatis‚
1580 871 1736 924 calycis
1761 870 1919 913 hirsuti

215 937 382 979 laciniis
403 934 648 977 lanceolatis
666 932 822 975 erectis
845 931 948 973 tubo
967 930 1141 984 globoso
1161 929 1453 977 brevioribus,
1476 929 1635 972 corolla
1657 929 1919 982 pubescente

216 995 401 1038 caerulea
429 994 615 1046 calycem
646 1004 728 1033 non
757 994 991 1044 superante
1020 989 1071 1031 ad
1100 989 1291 1030 medium
1318 989 1360 1029 in
1391 988 1566 1030 lacinias
1593 992 1743 1031 ovatas
1770 991 1918 1030 acutas

218 1056 336 1104 fissa,
365 1053 539 1106 capsula
567 1053 683 1093 recta
710 1050 885 1103 globosa
915 1048 1116 1101 basipora
1147 1052 1210 1098 Θ.

263 1129 366 1164 Hah.
388 1128 438 1162 ad
458 1137 590 1162 mnros
612 1129 648 1161 et
666 1126 791 1160 fossas
812 1123 995 1159 humidas
1015 1122 1177 1169 AEgypti
1206 1122 1255 1157 ad
1277 1121 1463 1157 Kalliram
1484 1122 1683 1166 (Hussonl
1705 1121 1841 1157 Kralik
1864 1121 1916 1168 pl.

214 1177 282 1222 Eg.
301 1186 380 1211 exs.
401 1175 474 1210 sul)
504 1169 803 1218 W'ahlenberyz‘d
821 1168 1047 1214 cervicina).

262 1238 523 1285 Semipedalis
542 1236 605 1272 vel
635 1235 835 1275 humilior,
855 1234 949 1269 folia
979 1233 1162 1268 inferiora
1184 1243 1287 1279 saepe
1315 1231 1500 1278 pollicem
1525 1234 1562 1267 et
1588 1231 1761 1278 amplius
1790 1233 1921 1278 longa,

213 1286 375 1333 capsula
394 1285 545 1322 semine,
563 1282 790 1319 Cannabeos
806 1282 942 1317 minor.
959 1281 1099 1316 Planta
1115 1290 1218 1326 saepe
1238 1280 1400 1315 confusa
1419 1290 1508 1315 cum
1527 1278 1822 1325 Walzlenberyzd
1838 1290 1918 1316 cer-

215 1332 345 1371 υίσίπᾶ
368 1332 474 1368 foliis
506 1332 669 1366 minutis
701 1329 1010 1374 angustioribus,
1036 1327 1180 1372 calycis
1213 1327 1367 1362 laciniis
1394 1327 1645 1362 denticulatis
1678 1327 1855 1374 specifice
1883 1330 1921 1363 et

217 1380 391 1428 capsulae
413 1379 652 1419 dehiscentia
671 1377 848 1423 generice
868 1376 1053 1410 distincta

275 1515 344 1554 95.
381 1512 431 1555 C.
467 1510 686 1553 Erinus
720 1508 787 1563 (L.
814 1507 885 1562 Sp.
918 1521 955 1560 p.
982 1508 1086 1552 3340)
1120 1507 1248 1555 hirta,
1271 1506 1391 1548 caule
1416 1506 1582 1560 pumilo
1606 1509 1749 1548 erecto
1775 1505 1920 1549 dicho-

214 1577 328 1616 tume
369 1581 554 1615 ramoso,
599 1567 709 1610 soliis
748 1567 903 1609 obtuse
941 1567 1122 1608 serratis
1164 1565 1445 1608 inferioribus
1489 1565 1685 1607 obovatis
1725 1565 1918 1608 breviter

213 1630 447 1686 petiolatis.
477 1627 780 1682 superioribus
817 1624 1010 1679 oblongis
1047 1625 1277 1667 sessilibus
1315 1624 1540 1667 floralibus
1570 1623 1778 1666 3-5-10bis
1803 1635 1918 1679 saepe

213 1689 437 1744 oppositis,
451 1688 634 1730 floribus
654 1685 801 1740 parvis
819 1684 1136 1726 subsessilibus
1155 1683 1406 1726 axillarIbus
1420 1687 1462 1725 et
1480 1683 1792 1731 terminalibus,
1805 1683 1918 1737 caly-

213 1750 274 1791 cis
305 1748 469 1791 laciniis
494 1743 1022 1798 triangulari-lanceolatis
1048 1743 1284 1785 fructiferis
1310 1743 1447 1784 auctis
1471 1742 1917 1796 stellato-patentibus

211 1808 317 1851 tubo
343 1807 603 1849 brevissime
627 1804 865 1852 turbinato,
894 1802 1055 1844 corolla
1079 1803 1282 1844 tubulosa
1306 1802 1450 1855 calyce
1480 1814 1561 1843 non
1590 1802 1782 1854 longiore
1810 1801 1917 1844 lnbis

211 1867 422 1909 brevibus
441 1863 705 1919 patentibus,
728 1863 903 1915 capsula
922 1865 1102 1904 nutante
1128 1862 1244 1914 poris
1269 1861 1522 1903 lateralibus
1540 1865 1582 1903 et
1605 1861 1724 1914 apice
1742 1861 1917 1903 tandem

211 1926 353 1968 lacero
380 1924 627 1966 dehiscente
659 1927 723 1972 Θ.
754 1922 806 1962 lc.
831 1921 877 1962 Fl
901 1921 1036 1962 Graec.
1058 1920 1143 1962 tal).
1170 1921 1268 1962 214.
1293 1943 1347 1951 —
1368 1919 1502 1962 Rchb.
1529 1919 1584 1961 Ic.
1608 1920 1706 1962 246.

261 1999 362 2034 Hab.
382 1998 422 2033 in
445 1996 682 2042 graminosis
701 1999 738 2031 et
761 1994 1007 2041 rupestribus
1030 1994 1141 2029 siccis
1162 1994 1334 2039 regionis
1355 1993 1561 2035 interioris,
1579 1992 1731 2028 Graecia
1750 1992 1914 2040 (Sprunl

212 2047 366 2092 BoryU,
385 2045 554 2080 Thracia
583 2044 632 2079 ad
661 2043 899 2088 Byzantium
922 2042 1068 2086 (Noai),
1088 2041 1201 2076 Creta
1229 2041 1397 2085 (Railll),
1418 2039 1706 2087 Archipelagus
1730 2039 1919 2085 (Weiss1)‚

214 2093 352 2130 Cilicia
369 2091 508 2136 (Auch.
528 2090 668 2135 18372),
685 2090 800 2135 Syria
830 2088 1015 2124 littoralis
1035 2089 1149 2133 (Ehrl
1173 2088 1233 2124 ΒΗ
1253 2087 1358 2124 Gaill
1371 2090 1408 2133 l),
1426 2088 1624 2125 Palestina
1642 2087 1769 2133 (Kyl),
1787 2087 1918 2124 Meso·

212 2138 627 2231 Rotamffiffklvaussggu
646 2137 778 2173 Persia
805 2136 1210 2172 austro-occidentalis
1229 2138 1266 2170 et
1293 2136 1547 2171 Knrdistania
1566 2135 1721 2171 Persica
1738 2134 1829 2182 (Ky.
1849 2135 1912 2171 95!

253 2198 346 2223 auss
383 2216 390 2222 .
413 2215 418 2220 .
489 2215 493 2220 .
531 2196 541 2207 ’
614 2213 619 2217 .

247 2252 320 2333 sAr.
346 2248 653 2333 Gss⁰⁹r'11¹¹⁵u¹ae
671 2248 943 2291 Canarienses‚
965 2245 1137 2289 Madera,
1157 2247 1262 2293 regio
1287 2246 1572 2282 Mediterranea
1592 2249 1671 2282 tota
1694 2245 1860 2293 Europae
1881 2249 1917 2281 et

211 2300 245 2335 A
265 2299 354 2333 ricze
403 2307 491 2333 orca
512 2297 556 2331 is.

271 2428 340 2470 96.
375 2426 430 2470 C.
469 2425 786 2470 scutellata
818 2423 1013 2478 (Griseb.
1056 2424 1168 2478 Spic.
1203 2425 1257 2468 ΙΙ,
1287 2439 1327 2480 p.
1369 2425 1474 2479 28⁶2.)
1508 2425 1653 2480 patule
1680 2425 1915 2478 hispidum,

213 2487 333 2530 caule
358 2485 509 2528 stricto
535 2496 726 2538 superne
754 2485 822 2527 vel
847 2496 870 2525 a
894 2484 987 2526 basi
1012 2484 1252 2527 dichotome
1278 2485 1591 2534 famosissimo,
1614 2484 1726 2527 soliis
1755 2484 1917 2527 sessili-

210 2546 293 2589 bus
317 2544 608 2598 subrepandis
636 2543 916 2585 inferioribus
941 2543 1394 2595 oblongo-lanceolatis
1417 2544 1698 2587 acutiusculis
1719 2543 1918 2597 superio-

208 2605 335 2648 ribus
353 2603 578 2646 diminutis
612 2603 763 2650 acutis,
784 2602 1040 2656 pedunculis
1059 2602 1362 2656 oppositifoliis
1381 2605 1422 2644 ct
1440 2602 1747 2645 terminalibus
1766 2605 1917 2656 paten-

207 2664 346 2711 tibus,
387 2663 545 2717 calycis
587 2661 745 2715 hispidi
795 2661 960 2703 laciniis
1002 2662 1534 2713 triangulari-lanceolatis
1574 2661 1678 2704 tubo
1721 2661 1917 2704 breviter

208 2722 556 2777 hemisphaerio),
589 2721 748 2763 corolla
773 2720 961 2763 caerulea
993 2721 1217 2762 subrotata
1243 2721 1296 2763 ad
1331 2720 1556 2763 dimidium
1585 2732 1727 2775 usque
1756 2720 1915 2774 partita

209 2782 367 2836 ralycis
393 2781 558 2824 laciniis
577 2779 709 2834 duplo
729 2780 936 2832 longiore,
959 2780 1101 2832 calyce
1127 2780 1350 2822 fructifero
1371 2779 1492 2822 valde
1515 2784 1683 2822 accreto
1710 2779 1915 2821 stellatim

209 2852 401 2893 expanso
427 2840 647 2894 capsulam
675 2839 920 2881 obconicam
949 2838 1326 2891 depressissimam
1354 2841 1589 2882 coronante
1616 2843 1680 2890 Θ.
1710 2837 1750 2880 C.
1779 2837 1916 2880 Macc-

212 2900 369 2940 dom'ra
398 2899 537 2941 Boiss.
565 2899 665 2940 Mss.
690 2922 746 2927 —
772 2896 816 2940 C.
847 2896 1090 2948 draln'solia
1118 2897 1233 2939 Friv.
1261 2910 1352 2940 exs.
1378 2910 1463 2940 non
1492 2897 1613 2940 Sibth

260 2972 359 3006 Hah.
388 2972 428 3006 in
459 2970 706 3018 rupestribus
738 2970 933 3006 umbrosis·
963 2969 1202 3005 Macedoniae
1232 2970 1280 3005 ad
1313 2970 1463 3006 radices
1492 2971 1635 3007 montis
1658 2969 1852 3006 Korthiati
1879 2971 1918 3005 et

214 3029 333 3065 prope
355 3019 514 3054 Vodena
535 3018 661 3063 (Frivl
680 3018 840 3053 Griseb!
860 3018 1017 3064 Orphlji.
