2090 3291
272 237 343 272 434
993 234 1241 262 composrrAE.
1757 224 1972 273 Echinops.

276 316 423 360 nervis
452 310 796 367 prominentibus
830 306 1222 363 papilloso-setosis
1251 305 1293 346 in
1331 304 1455 347 lobos
1483 305 1749 348 lanceolatos
1777 306 1918 349 valide
1943 310 1988 352 et

275 378 399 428 longe
425 372 625 426 spinosos
659 369 773 411 ultra
811 367 999 409 medium
1045 364 1326 418 pinnatilidis‚
1354 363 1547 418 penicilli
1576 363 1855 408 involucrum
1881 366 1987 408 sub-

273 431 486 489 aequanlis
511 429 616 471 setis
640 426 951 482 copiosissimis
976 423 1259 478 planiusculis
1288 423 1586 473 denticulatis,
1604 423 1819 466 involucri
1843 425 1984 478 glabri

273 492 432 548 phyllis
463 487 590 530 11-13
616 498 808 541 superne
835 482 1224 538 pectinato·cilialis
1248 482 1412 524 intimis
1439 494 1461 523 a
1483 481 1577 523 basi
1603 482 1725 524 tenui
1749 481 1985 526 deltoideo·

273 548 620 602 triangularibus
645 543 904 588 acuminatis
936 541 1138 595 penicillo
1166 540 1460 591 brevioribus,
1486 540 1764 583 intermediis
1788 554 1811 583 a
1839 543 1981 585 medio

274 611 317 652 in
343 609 514 661 spinam
543 602 870 648 canaliculatam
893 600 1141 649 attenuatis,
1176 600 1339 642 intimis
1361 599 1732 642 subbrevioribus
1758 599 1801 643 in
1828 600 1981 643 tubum

273 669 431 711 durum
460 664 637 719 nigrum
664 665 957 716 pentagonum
984 659 1036 701 ad
1061 659 1251 701 medium
1280 658 1464 709 coalitis,
1484 659 1616 712 pappi
1639 659 1744 701 setis
1766 659 1983 714 paleaceis

273 727 442 770 obtusis
475 721 735 767 barbellatis
758 721 850 762 fere
873 719 923 761 ad
948 718 1067 760 basin
1087 717 1234 759 liberis
1259 717 1299 758 in
1329 729 1532 760 coronam
1557 717 1890 761 conniventibus
1922 725 1982 766 36.

318 808 419 844 Hah.
445 807 484 842 in
500 806 641 842 Persiae
661 802 808 838 ditione
826 801 1056 836 Khorassan
1075 801 1177 835 inter
1194 799 1401 835 Schahrud
1421 802 1459 834 et
1473 799 1677 846 Nichapur
1687 800 1835 847 (Egel).

321 879 434 915 Folia
467 878 582 913 etiam
615 874 818 921 superiora
852 872 972 918 longa
1003 871 1283 918 semipedalia,
1307 871 1524 917 corymbus
1552 871 1830 918 5-7·cephalus
1861 873 1984 908 ramis

272 926 476 968 brevibus,
502 923 749 959 involucrum
776 919 884 956 10-11
902 919 1028 955 lineas
1048 920 1221 964 longum.
1241 919 1397 965 Species
1419 918 1608 965 penicillo
1627 918 1827 956 multiseto
1861 919 1983 966 longo

273 984 299 1009 n
306 972 476 1010 otabilis.

334 1103 404 1144 23.
436 1101 490 1143 Ε.
517 1097 938 1143 Griifithianus
984 1097 999 1145 (
1019 1095 1158 1137 Boiss.
1202 1095 1354 1148 Diagn.
1400 1094 1493 1137 Ser.
1533 1095 1587 1148 II,
1617 1097 1656 1143 3,
1682 1108 1724 1150 p.
1755 1096 1833 1150 39)
1857 1100 1979 1140 tolus

273 1162 482 1215 adpresse
499 1157 954 1201 arachnoideo-cauus.
978 1155 1101 1197 caule
1129 1157 1290 1207 praeter
1317 1154 1624 1197 indumentum
1653 1166 1809 1197 canum
1842 1157 1981 1210 papil-

272 1221 327 1263 lis
358 1215 657 1273 glanduliferis
691 1214 829 1257 obsito
861 1214 1131 1268 corymboso‚
1165 1213 1279 1256 soliis
1314 1213 1977 1268 auriculato·amplexicaulibus

273 1279 318 1322 in
347 1279 465 1320 lobos
486 1275 775 1328 triangulares
803 1274 1002 1315 dentatos
1037 1272 1194 1315 ssavide
1229 1277 1272 1314 et
1300 1272 1443 1315 valide
1477 1273 1680 1326 spinosos
1707 1272 1761 1314 ad
1787 1273 1977 1317 medium

272 1338 331 1393 pir
354 1335 559 1383 natifidis,
599 1333 790 1387 penicilli
831 1333 935 1374 sctis
969 1331 1218 1374 numerosis
1250 1331 1502 1374 barbellatis
1537 1331 1715 1374 dimidio
1751 1331 1978 1376 involucro

273 1395 555 1450 longioribus,
600 1392 815 1435 involucri
851 1391 988 1443 glabri
1031 1390 1190 1443 phyllis
1235 1392 1364 1432 12-13
1403 1391 1598 1433 externis
1639 1391 1789 1445 parvis
1827 1404 1849 1433 a
1882 1391 1976 1435 basi

270 1456 467 1508 elongata
492 1453 612 1494 tenui
636 1452 760 1504 longe
787 1450 926 1492 ciliata
945 1449 1111 1491 minute
1134 1449 1636 1503 deltoideo-spathulatis
1658 1450 1855 1492 breviter
1871 1462 1975 1493 acu-

269 1514 458 1565 minatis,
485 1510 754 1554 intermediis
780 1508 973 1551 medium
1003 1521 1161 1551 versus
1198 1509 1295 1551 lobo
1336 1508 1721 1551 fimbriato-lacero
1751 1509 1891 1551 auctis
1930 1510 1975 1552 in

270 1573 438 1627 spinam
470 1570 719 1616 attenuatis,
747 1568 908 1609 intimis
939 1568 981 1609 in
1000 1568 1156 1610 tubum
1187 1568 1429 1611 coriaceum
1458 1568 1740 1621 nigricantem
1768 1572 1977 1622 pentago-

271 1644 379 1674 num
403 1630 455 1672 ad
473 1629 534 1684 Ἀ
559 1627 838 1681 longitudinis
858 1627 1022 1669 coalitis
1039 1630 1162 1681 parte
1185 1627 1321 1669 libera
1341 1627 1590 1669 lanceolatis
1605 1627 1979 1679 spinuloso-cilia-

270 1691 340 1742 tis,
369 1688 498 1743 pappi
525 1687 628 1731 setis
656 1687 803 1729 liberis
845 1685 1125 1738 longiusculis
1160 1686 1372 1739 paleaceis
1411 1685 1663 1728 barbellatis
1690 1686 1735 1727 in
1766 1698 1973 1729 coronam

268 1748 485 1801 contiguis
520 1754 578 1794 26.

314 1822 416 1857 Hab.
436 1822 475 1857 in
494 1820 661 1856 collibus
681 1819 833 1854 saxosis
857 1828 977 1865 prope
1002 1818 1139 1853 urbem
1159 1817 1310 1854 Caboul
1330 1817 1552 1864 Affghaniae
1563 1818 1731 1863 (Gi-iffi).

313 1893 588 1929 Indumentum
625 1902 765 1927 canum
790 1891 832 1926 Ε.
855 1890 1079 1937 cephalotis,
1100 1890 1168 1925 sed
1182 1890 1304 1926 caulis
1327 1890 1975 1938 glanduloso-setulosus,involu—

270 1951 380 1977 crum
398 1940 463 1976 ’7-8
484 1941 606 1975 lineas
623 1942 773 1974 tantum
793 1939 974 1984 longum;
1005 1938 1152 1984 species
1171 1937 1355 1984 penicillo
1373 1937 1594 1973 harhellato
1621 1939 1800 1984 insignis.

330 2072 394 2112 ⁰24.
424 2069 479 2112 Ε.
508 2068 984 2123 cyanocephalus
1012 2068 1169 2123 (Boiss.
1195 2071 1237 2111 et
1256 2067 1467 2121 Haussk.)
1495 2069 1654 2122 pallide
1674 2069 1823 2111 vii-cns
1851 2072 1973 2112 totus

270 2129 440 2183 papillis
480 2128 637 2182 patulis
682 2127 1168 2181 viscido-glanduliferis
1194 2127 1363 2171 obsitus
1403 2128 1457 2170 ad
1493 2128 1690 2182 paginam
1718 2128 1972 2170 inferiorem

266 2189 467 2231 foliorum
491 2199 617 2241 parce
641 2187 1101 2235 arachnoideus,caule
1128 2187 1278 2230 folioso
1298 2186 1501 2240 simplici,
1524 2187 1639 2229 foli1s
1662 2187 1863 2241 rigidulis
1884 2188 1966 2229 late

269 2249 312 2289 et
339 2246 462 2300 longe
499 2246 952 2298 oblongo-lanceolatis
990 2245 1183 2288 breviter
1215 2245 1566 2289 sinuato-Iobatis
1606 2245 1713 2288 lobis
1750 2246 1795 2288 in
1820 2246 1970 2299 spinas

268 2317 524 2347 numerosas
563 2304 866 2347 flavido-rufas
890 2305 1165 2351 abeuntibus,
1187 2305 1368 2348 caulinis
1392 2305 1474 2348 late
1496 2305 1972 2358 auriculam-amplexi-

268 2364 477 2416 caulibus,
522 2363 708 2417 capitulo
752 2376 919 2416 magno,
961 2364 1148 2417 penicilli
1190 2364 1296 2407 setis
1329 2363 1542 2418 paleaceis
1582 2363 1747 2406 scabris
1789 2363 1967 2407 dimidio

266 2422 492 2465 involucro
531 2421 823 2471 brevioribus,
862 2423 1079 2465 involucri
1122 2423 1260 2477 glabri
1296 2422 1456 2477 phyllis
1507 2423 1634 2465 11-13
1679 2422 1963 2465 inferioribus

266 2481 608 2523 membranaceis
631 2481 740 2522 albis
763 2481 970 2536 stipitatis
994 2481 1462 2536 oblongo-spathulatis
1486 2481 1752 2524 mucronatis
1770 2482 1968 2524 breviter

267 2539 554 2592 denticulatis,
585 2539 754 2582 caeteris
788 2539 957 2583 inferne
993 2541 1340 2595 ovato-oblongiS
1364 2541 1418 2583 ad
1451 2541 1643 2583 medium
1667 2540 1711 2582 in
1739 2540 1965 2594 cuspidem

266 2599 453 2641 validam
486 2601 749 2653 pungentem
774 2600 967 2653 margine
994 2600 1251 2653 pectinatam
1275 2612 1483 2654 cyaneam
1506 2599 1698 2653 abrupte
1715 2599 1966 2645 attenuatis,

268 2658 395 2711 pappi
420 2658 526 2699 setis
559 2657 697 2711 longis
735 2658 985 2702 barbellatis
1024 2659 1112 2701 fere
1145 2659 1194 2702 ad
1237 2660 1430 2702 medium
1455 2658 1668 2702 concretis
1691 2658 1736 2700 in
1763 2669 1966 2701 coronam

267 2716 436 2768 longam
459 2716 707 2758 tubulosam
733 2718 1046 2772 approximatis
1081 2724 1141 2765 26.

263 2796 471 2888 fflalffin
491 2798 681 2888 qufirssetis
712 2798 905 2833 montium
932 2798 1107 2834 Eschker
1136 2801 1174 2834 et
1205 2799 1362 2836 Sawers
1393 2799 1536 2836 Persiae
1562 2798 1970 2835 austro-occidentalis

448 2854 540 2879 aUSS
614 2873 619 2879 .

312 2905 527 2953 Bipedalis,
546 2907 637 2942 folia
656 2908 840 2943 inferiora
855 2908 1112 2954 semipedalia
1133 2909 1157 2946 3
1169 2909 1264 2956 poll.
1284 2909 1376 2951 lata,
1390 2908 1584 2945 involucri
1603 2908 1746 2956 phylla
1765 2908 1967 2955 superiora

265 2953 396 2988 12-14
427 2954 551 2989 lineas
574 2954 693 2999 longa
728 2965 894 3002 superne
917 2956 1069 2992 intense
1097 2967 1257 3002 cyanea.
1286 2957 1442 3004 species
1474 2955 1627 3003 phyllis
1656 2955 1748 2996 latis
1769 2955 1967 2992 involucri

265 3000 446 3046 insignis,
463 3000 568 3036 foliis
586 3004 623 3036 et
641 3002 735 3037 facie
757 3002 966 3049 Onopordz'.
