2071 3241
105 240 321 279 Anthemis.
836 247 1081 273 COMPOSITAE.
1735 240 1805 280 233

106 322 228 366 caule
249 322 361 364 elato
382 320 569 374 rigidulo
593 330 786 374 superne
805 319 952 374 patule
975 330 1161 372 ramoso,
1185 317 1299 360 foliis
1316 318 1483 361 ambitu
1506 320 1805 363 ovato—oblon—

105 381 171 435 gis
196 379 240 423 bi
267 379 334 422 vel
359 378 762 435 tripinnatipartitis
797 377 994 420 lacinulis
1017 351 1212 419 brevit'er
1247 377 1495 420 lanceolatis
1532 382 1806 422 mucronato-

107 438 356 494 spinulosis,
382 437 559 481 rachide
580 438 654 481 vix
677 436 865 489 dentata,
893 435 1153 490 pedunculis
1188 435 1363 477 tandem
1398 436 1664 490 incrassatis,
1692 437 1806 491 capi-

107 497 211 540 tulis
238 497 419 551 magnis,
456 495 671 539 involucri
697 495 860 562 phyllis
903 495 957 538 ab
998 495 1192 538 externis
1234 493 1429 536 breviter
1466 471 1715 539 lanceola'tis
1753 496 1807 538 ad

106 556 257 599 intima
287 555 469 609 oblonga
495 555 633 623 magis
670 554 860 597 scariosa
881 553 1045 597 sensim
1076 553 1228 607 auctis,
1260 554 1522 607 receptaculi
1549 554 1807 608 hemisphae-

105 614 185 658 rici
209 615 348 670 paleis
371 614 574 668 oblongo-
578 604 838 669 spathulatis
860 611 1074 655 truncatis
1101 613 1169 654 vel
1193 612 1357 654 retusis
1380 611 1565 667 abrupti²
1591 613 1636 654 in
1663 614 1809 667 cuspi-

106 673 203 715 dem
234 673 420 726 rigidam
453 672 740 727 aequilongam
766 672 970 714 flosculos
996 670 1362 724 subsuperantem
1387 672 1633 722 contractis,
1660 672 1805 726 ligulis

104 732 215 774 albis
237 731 686 786 elliptico-linearibus
712 731 881 773 discum
907 729 1198 784 aequantibus,
1228 730 1418 772 acheniis
1444 731 1656 773 brunneis
1689 742 1804 773 com-

104 790 521 845 presso-tetragonis
549 790 744 843 margine
769 790 905 832 acutis
932 788 1143 831 suhalatis
1172 789 1378 842 utrinque
1407 790 1598 832 tenuiter
1636 791 1803 832 10-cos-

104 850 206 892 tatis
223 850 344 904 apice
364 849 560 902 margine
584 852 702 892 recto
720 849 844 891 brevi
869 851 992 891 acuto
1020 845 1171 889 obsitis
1203 851 1267 897 O.
1292 845 1395 888 Cosa
1416 847 1635 889 altissima
1660 848 1697 890 J.
1714 847 1806 902 Gay

103 908 147 950 in
176 906 305 951 Guss
333 907 416 951 Sic.
446 907 499 959 Π,
526 908 625 950 867.
651 932 707 938 -
730 907 780 949 Α.
810 906 911 949 Cota
938 905 998 960 L.‚
1025 906 1114 948 Vis.
1139 905 1295 957 Dalm,
1317 905 1450 948 Rchb.
1478 907 1534 949 Ic.
1563 909 1686 949 1008.

151 980 251 1016 Hah.
285 981 326 1017 in
357 981 472 1018 cultis
504 980 665 1017 Graeciae
697 980 737 1016 in
767 980 955 1026 Argolide
982 979 1087 1026 (Sprl
1118 979 1237 1027 Orph.
1269 978 1417 1015 Fl.(1r
1444 990 1523 1015 exs
1554 979 1665 1024 7831),
1695 980 1808 1016 Creta

102 1026 245 1073 (Heldr
255 1029 292 1073 l)
314 1028 500 1064 Anatolia
545 1038 638 1075 rope
657 1027 867 1082 Smyrnam
886 1027 986 1072 (Bal
1004 1027 1095 1072 221),
1122 1026 1263 1063 Rhodo
1280 1026 1479 1072 (Bourgl)‚
1505 1027 1645 1073 Syria
1635 1038 1675 1063 in
1694 1027 1804 1064 Anti-

102 1074 237 1111 libano
259 1075 351 1121 (Ky.
368 1076 460 1119 171)
525 1075 768 1121 esopotamia
785 1074 1017 1120 (Haussk!)‚
1037 1074 1179 1110 Tauria
1201 1076 1238 1109 et
1263 1084 1372 1121 prov.
1399 1074 1463 1110 Cis
1485 1076 1523 1110 et
1540 1075 1807 1111 Transcauca-

102 1122 192 1158 sicis
210 1122 333 1168 (Led.‚
354 1122 518 1167 Karell),
536 1122 670 1158 Persia
687 1122 838 1158 boreali
856 1121 1026 1167 (Buhsel
1041 1121 1166 1167 Egel).

151 1186 211 1267 A?
232 1185 364 1267 (ileoqr.
392 1186 526 1222 Gallia
540 1185 735 1231 australis,
754 1186 948 1232 Hispania
965 1185 1146 1230 borealis,
1164 1185 1250 1221 Isti
1242 1196 1289 1231 ia,
1303 1184 1425 1231 Italia,
1441 1185 1654 1231 Dalmatia,
1669 1186 1807 1223 Rossia

104 1241 177 1268 aus
196 1242 237 1268 ra
256 1243 305 1268 is.

162 1347 201 1388 6.
235 1345 299 1388 A.
334 1344 640 1388 Palestina
682 1344 868 1399 (Reuter
915 1344 1037 1399 Mss.)
1081 1356 1210 1398 parce
1255 1344 1370 1387 hirta
1418 1348 1562 1388 erecta
1609 1357 1805 1399 superne

104 1416 275 1448 ramosa
296 1405 365 1447 vel
388 1404 551 1457 saepius
573 1417 598 1446 a
620 1404 727 1447 collo
763 1416 934 1447 ramosa
956 1405 1089 1447 ramis
1114 1405 1275 1458 saepius
1299 1403 1670 1455 decumbentibus,
1693 1404 1806 1448 foliis

105 1462 269 1507 ambitu
301 1461 644 1516 ovato-oblongis
670 1463 1015 1517 bipinnatisect-is
1041 1463 1240 1506 lacinulis
1267 1463 1612 1515 ovato-oblongis
1636 1476 1804 1507 mucro-

104 1522 480 1576 nato-spinulosis,
515 1522 688 1564 racliide
722 1522 796 1564 vix
825 1520 1015 1573 dentata,
1049 1521 1310 1576 pedunculis
1338 1522 1511 1564 tandem
1538 1521 1804 1575 incrassatis,

104 1581 305 1636 capitulis
330 1581 596 1635 majusculis,
619 1580 835 1623 involucri
863 1580 1020 1634 phyllis
1053 1580 1346 1624 exterioribus
1377 1581 1806 1634 ovato-triangulari-

102 1638 186 1682 bus
213 1641 350 1682 acutis
378 1639 542 1682 intimis
565 1639 759 1692 oblongis
788 1639 908 1693 apice
942 1639 1109 1683 obtusis
1132 1640 1348 1691 scariosis‚
1376 1641 1638 1693 receptaculi
1670 1640 1805 1682 hemi-

102 1698 302 1754 sphaerici
337 1698 475 1753 paleis
499 1698 787 1740 subcarinatis
824 1698 1020 1740 cuneatis
1045 1698 1164 1752 apice
1201 1699 1344 1741 latiori
1384 1699 1596 1741 truncatis
1629 1699 1804 1742 omnino

105 1756 276 1799 muticis
301 1757 369 1800 vel
398 1768 607 1799 mucrone
626 1757 750 1799 brevi
774 1756 1031 1810 terminatis,
1054 1758 1248 1800 externis
1270 1758 1492 1801 interdum
1519 1758 1559 1799 in
1579 1757 1805 1811 cuspidem

104 1815 328 1859 involucro
351 1816 591 1868 longiorem
613 1815 807 1858 breviter
828 1816 1077 1867 attenuatis,
1105 1815 1249 1869 ligulis
1277 1816 1386 1859 albis
1413 1816 1803 1870 elliptico-lineari-

105 1873 187 1917 bus
210 1873 375 1917 discum
402 1874 691 1928 aequantibus,
710 1873 899 1917 acheniis
922 1874 1057 1928 nigris
1075 1876 1589 1929 compresso-tetragonis
1609 1875 1805 1928 margine

105 1933 242 1975 acutis
268 1933 484 1976 subulatis
521 1934 731 1988 utrinque
772 1933 965 1975 tenuiter
995 1933 1246 1976 10-costatis
1284 1934 1404 1987 apice
1452 1934 1645 1986 margine
1684 1936 1804 1976 recto

105 1991 225 2034 brevi
261 1995 386 2035 acuto
417 1991 571 2034 obsitis
599 1996 661 2042 Θ.
711 1991 960 2045 Anacyclus
992 1993 1226 2034 truncatas
1256 1996 1298 2035 et
1321 1993 1372 2035 A.
1397 1992 1629 2034 anomalus
1649 1992 1687 2034 J.
1712 1992 1805 2046 Gay

103 2050 150 2093 in
175 2050 265 2093 Bal.
291 2062 381 2093 exs.
408 2064 521 2093 anno
551 2051 674 2093 1856.

151 2122 251 2159 Hab.
269 2123 310 2159 in
328 2123 526 2159 Palestina
554 2123 735 2169 (Boissl),
767 2134 837 2170 pro
868 2134 888 2159 e
917 2124 1082 2160 Hebron
1101 2123 1192 2169 (Ky.
1218 2124 1336 2169 6291),
1395 2133 1486 2170 rope
1510 2123 1660 2170 Tripoli
1678 2124 1804 2169 Syriae

102 2169 180 2214 (131
208 2171 324 2214 3151),
355 2170 576 2216 Berythum
603 2170 738 2215 (Gaill
767 2134 990 2216 2418ter1),
1021 2172 1061 2206 in
1110 2171 1247 2207 etrosis
1273 2172 1321 2207 ad
1329 2134 1493 2217 Aqeppo
1512 2170 1803 2216 (Hausskl),1n

104 2217 312 2253 maritimis
344 2220 382 2254 et
407 2218 608 2254 montanis
627 2218 748 2264 Cypri
779 2218 874 2264 (ΚΥ.
900 2173 1017 2264 3051'),
1046 2229 1068 2254 a
1126 2218 1337 2254 Rhodum
1327 2228 1367 2253 in
1388 2218 1584 2254 montanis
1603 2217 1805 2264 (Bouigl),

104 2263 228 2310 Lydia
245 2264 296 2300 ad
316 2264 527 2311 Smyrnam
547 2264 646 2309 (Bal.
665 2265 780 2309 8771).

150 2320 322 2356 Achenio
345 2321 487 2356 similis
505 2321 558 2356 A.
578 2320 780 2357 αῑίίεεῃηαῑ
798 2320 867 2356 sed
885 2320 1010 2367 paleae
1028 2321 1184 2356 muticae
1204 2320 1269 2357 vel
1288 2330 1474 2357 mucrone
1502 2321 1556 2357 eis
1574 2320 1694 2357 multo
1715 2319 1803 2357 bre-

105 2367 206 2402 viori
223 2368 374 2404 discum
392 2377 471 2404 non
490 2368 663 2415 aequanti
679 2369 884 2414 superatae.

166 2481 204 2522 7.
238 2481 301 2524 A.
338 2479 643 2535 caelopoda
660 2480 821 2536 (Boiss.
848 2481 1001 2535 Diagn.
1031 2480 1124 2524 Ser.
1154 2481 1187 2535 Ι,
1216 2483 1281 2533 11,
1310 2493 1349 2534 p.
1379 2481 1451 2535 12)
1477 2481 1643 2524 minute
1668 2481 1804 2535 pube-

106 2539 202 2581 rula
240 2539 309 2582 vel
349 2539 641 2594 glabrescens,
678 2540 801 2582 caule
835 2546 979 2583 erecto
1004 2553 1027 2581 a
1058 2540 1127 2581 vel
1157 2540 1271 2583 infra
1307 2540 1497 2583 medium
1534 2540 1802 2582 divaricatim

106 2609 290 2651 ramOSO,
327 2599 440 2642 foliis
475 2599 640 2641 ambitu
676 2598 816 2640 ovatis
855 2598 1202 2652 bipinnatisectis
1241 2599 1475 2651 segmentis
1516 2598 1802 2653 lacinuhsque

106 2656 294 2700 minimis
319 2657 768 2710 oblongo-linearibus
795 2658 915 2711 apice
942 2657 1113 2700 callosis
1141 2657 1456 2701 mucronulatis
1480 2657 1607 2699 valde
1643 2657 1804 2700 divari-

107 2714 225 2767 catiS,
261 2715 518 2770 pedunculis
560 2716 734 2758 demum
773 2716 898 2758 valde
932 2716 1183 2759 incrassatis
1219 2716 1350 2768 cavis,
1386 2716 1586 2770 capitulis
1618 2716 1802 2769 magnis,

106 2771 319 2817 involucri
342 2775 499 2829 phyllis
525 2774 719 2818 externis
742 2774 1197 2828 oblongo-lanceolatis
1223 2774 1477 2817 acuminatis
1494 2775 1658 2817 intimis
1678 2773 1802 2816 obtu-

108 2830 165 2873 sis
189 2833 308 2886 apice
330 2834 546 2887 scariosis,
568 2833 830 2887 receptaculi
856 2832 1175 2887 hemisphaerici
1202 2833 1337 2888 paleis
1359 2832 1802 2887 oblongo-linearibus

108 2890 308 2935 carinatis
335 2892 530 2935 breviter
555 2892 599 2933 in
626 2891 850 2946 cuspidem
893 2892 956 2934 eis
995 2892 1327 2935 subbreviorem
1367 2889 1619 2940 attenuatis,
1656 2891 1801 2946 ligulis

108 2947 215 2991 albis
253 2951 703 3004 elliptico-linearibus
745 2950 862 2994 disco
897 2951 1165 3004 aequilongis‚
1207 2951 1397 2994 acheniis
1436 2953 1801 3003 tetragono-com-

108 3008 266 3059 pressis
300 3009 494 3063 margine
529 3010 665 3052 acutis
691 3022 779 3052 non
814 3010 939 3052 alatis
966 3010 1174 3063 utrinque
1213 3008 1407 3052 obsolete
1448 3009 1693 3053 uninerviis
1730 3009 1801 3051 vel
