2090 3291
253 244 325 280 898
932 247 1276 273 CAMPANULACEAE.
1677 235 1930 282 Campanum
1938 260 1947 269 .

258 326 383 369 Jallb.
413 328 455 365 et
492 323 563 377 Sp.
591 322 641 364 Ill
688 321 774 364 tab.
803 321 904 361 422.
941 344 988 349 -
1018 320 1057 362 C.
1085 319 1212 361 Celsii
1239 322 1281 361 et
1310 318 1348 361 C.
1378 317 1631 360 Andrewsiz‘
1649 333 1689 361 A.
1724 333 1750 361 D
1769 332 1804 361 c.
1841 319 1954 362 Mon.

255 398 293 438 p.
319 384 400 425 217
424 386 466 425 et
489 383 586 423 220.
612 405 668 410 —-
691 380 729 425 C.
759 379 970 420 las-indata
997 378 1133 420 Andr.
1161 379 1245 420 bot.
1276 377 1381 437 Rep.
1410 378 1495 420 tab.
1526 378 1608 419 385
1637 390 1721 419 non
1745 378 1794 419 L.
1824 401 1879 409 —-
1909 379 1949 421 C.

259 439 594 495 appendiculam
620 454 658 481 A.
683 451 763 481 nc.
790 438 943 479 Prodr.
968 437 1061 488 VII,
1085 450 1110 490 p
1149 438 1246 478 462.
1274 461 1323 466 —
1353 437 1393 478 (J.
1421 435 1625 478 arimatha
1647 436 1812 490 Hampe
1833 437 1950 480 Flor.

260 501 443 550 18421,
470 512 510 552 p.
542 500 608 540 76.
1863 557 1866 560 Ι

307 574 406 609 Hab.
422 573 461 608 in
480 572 632 607 fissuris
652 572 700 606 ad
720 571 864 606 moenia
884 572 919 605 et
938 580 1052 616 rupes
1071 570 1191 604 totius
1211 569 1383 612 Graeciae,
1396 568 1660 615 Peloponnesi
1679 568 1728 604 ad
1743 568 1956 615 Naupliam

261 623 433 667 (Sprunl,
453 620 594 654 Boissl.
614 618 734 664 Orpb.
754 618 811 653 Fl.
829 618 885 653 Gr
918 627 998 652 exs.
1020 616 1136 660 6601),
1155 616 1480 651 Acrocorinthum
1499 615 1648 659 (Boissl
1667 614 1818 662 Orphl),
1836 626 1960 662 prope

262 669 461 704 Calamata
487 665 709 710 (Ginai-dl),
729 666 767 699 in
798 668 929 699 monte
957 663 1112 698 Malevo
1139 663 1320 698 Laconiae
1344 662 1513 709 (Oi-phl),
1533 663 1661 698 Attica
1686 663 1726 697 in
1746 662 1960 708 Lycabetto

262 718 298 750 et
314 715 492 750 faucibus
508 713 685 757 Hymetti
701 712 862 757 (Sprunl
879 710 1050 754 Heldr!)‚
1064 710 1255 745 Parnasso
1270 710 1312 745 in
1326 710 1570 756 rupestribus
1589 710 1760 754 regionis
1775 710 1960 745 abietinae

263 763 417 803 (Guiccl
435 760 589 806 Orphl),
608 759 738 794 insula
753 759 890 794 Rhodo
910 758 1068 801 (Auchi,
1084 756 1226 802 Bourg.
1243 767 1321 792 exs.
1339 757 1413 792 sub
1430 756 1466 792 C.
1483 754 1667 803 Zyratcz's),
1683 757 1802 792 Chios
1818 757 1958 801 (Auch.

265 809 400 853 18323),
418 809 539 843 Poros
559 806 734 851 (Wiedl).

324 873 364 925 ,3.
402 869 719 923 ῠνιισΙιῃαηῑΙια.
732 894 788 899 -
807 868 1289 916 Cinelascenti-virens,
1310 868 1480 910 corollae
1498 868 1679 910 minoris
1698 869 1962 911 abbreviatae

266 933 396 974 tubus
416 931 601 983 calycem
625 941 777 982 parum
798 939 1023 981 superans.
1046 951 1097 956 --
1118 926 1156 968 C.
1181 926 1398 979 rupes-tris
1417 926 1551 969 Sibtli.
1571 927 1723 969 Prodr.
1744 926 1775 978 Ι,
1801 940 1840 980 p.
1864 928 1959 968 142.

267 1016 320 1020 -
345 990 403 1031 Fl.
430 988 563 1030 Graee.
590 987 674 1029 tab.
701 988 797 1029 213.

313 1063 412 1097 Hal).
435 1063 474 1097 in
494 1061 645 1097 Graecia
663 1071 752 1095 cum
773 1064 866 1106 typo
889 1060 936 1094 ad
957 1070 1072 1105 quem
1094 1058 1335 1094 intermediis
1355 1059 1504 1102 transit,
1524 1068 1638 1093 mons
1663 1058 1820 1094 Malevo
1843 1069 1965 1104 prope

264 1110 466 1145 Canalous
484 1108 656 1154 (Orphl).
675 1107 840 1152 Kyllene
868 1117 981 1141 mons
1004 1117 1124 1152 prope
1142 1105 1305 1140 Trikala
1323 1105 1510 1149 (Heldrl),
1529 1105 1678 1140 Baeotia
1698 1116 1819 1153 prope
1840 1105 1963 1141 Leba-

268 1156 555 1200 dean‘i·(Heldr!
576 1155 730 1201 OrphU,
749 1154 977 1189 Macedonia
999 1155 1037 1188 in
1055 1153 1261 1199 peninsula
1280 1153 1410 1188 Athoa
1428 1153 1634 1197 (sirisebl).

316 1220 470 1266 Species
488 1219 592 1254 foliis
612 1222 647 1253 et
666 1218 805 1252 tlorum
830 1216 1101 1261 magnitudine
1122 1216 1235 1251 valde
1254 1216 1469 1259 variabilis,
1491 1216 1622 1250 caules
1643 1216 1772 1260 ’βα-ΡΛ
1792 1216 1967 1262 pedales,

271 1267 366 1303 folia
394 1265 579 1301 radicalia
601 1275 689 1300 cum
718 1264 863 1310 petiolo
891 1263 1187 1309 2-3-pollicaria.
1214 1262 1308 1297 Haec
1332 1265 1389 1298 est
1414 1263 1575 1297 omnino
1594 1262 1729 1310 Camp.
1748 1263 1858 1308 foliis
1873 1274 1966 1310 pro-

265 1314 391 1360 funde
409 1312 537 1348 incisis
557 1315 691 1357 fructu
716 1312 816 1347 (Iuro
835 1315 1051 1346 tomentosa
1071 1314 1106 1345 et
1134 1314 1216 1345 cota
1244 1310 1389 1345 incana
1409 1310 1553 1345 Tonrn.
1575 1313 1611 1345 et
1636 1310 1744 1345 herb.
1766 1310 1961 1345 Vaillant.!

270 1361 411 1396 Forma
431 1359 703 1404 brachyantha
722 1358 960 1393 intermediis
979 1359 1027 1392 ad
1047 1362 1185 1403 typum
1203 1357 1354 1391 transit.

332 1495 370 1534 ὅ.
407 1491 455 1534 C.
488 1490 983 1545 Ephesia,adpresse
1012 1492 1252 1532 tomentosa
1277 1502 1378 1530 cana
1404 1491 1473 1532 vel
1498 1501 1746 1539 canescens,
1770 1490 1969 1533 caulibus

273 1564 294 1594 e
318 1552 424 1593 collo
441 1551 680 1592 incrassato
704 1549 913 1601 elongatis
937 1549 1205 1601 simplicibus
1227 1561 1329 1590 saxo
1347 1548 1573 1602 adpressis
1597 1549 1690 1590 laxe
1718 1549 1964 1597 racemosis.

273 1611 384 1652 foliis
404 1608 665 1651 radicalibus
687 1607 903 1662 petiolatis
930 1608 1081 1660 lyratis
1105 1607 1340 1659 segmentis
1358 1608 1496 1649 ovatis
1514 1608 1582 1649 vel
1600 1607 1795 1660 oblongis
1814 1607 1969 1651 obtuse

273 1667 657 1711 crenato-dentatis
681 1678 805 1708 secus
827 1671 986 1708 costam
1008 1665 1341 1708 decurrentibus
1358 1670 1400 1708 et
1425 1666 1727 1720 superioribus
1750 1666 1971 1710 confluen-

274 1729 404 1769 tibus.
424 1727 535 1768 foliis
559 1726 739 1767 caulinis
759 1724 987 1766 sessilibus
1006 1724 1199 1777 oblongis
1225 1728 1347 1766 acute
1372 1725 1573 1771 dentatis.
1598 1725 1780 1767 floribus
1802 1726 1966 1779 magnis

276 1787 470 1828 breviter
494 1784 797 1838 pedunculatis
827 1784 998 1827 1-3-nis.
1021 1783 1177 1836 ‹falycis
1202 1783 1364 1825 laciniis
1386 1785 1512 1837 longe
1539 1783 1787 1826 lanceolatis
1811 1786 1975 1827 acumi-

277 1845 387 1887 natis
422 1843 733 1897 appendicibus
760 1843 864 1885 tubo
896 1843 1162 1896 aequilongis,
1191 1843 1349 1884 corolla
1384 1844 1681 1895 cainpanulata
1709 1844 1852 1897 calyce
1881 1856 1972 1886 ses-

276 1904 547 1957 quiltmgiore
569 1902 819 1944 tomentella
845 1902 910 1956 (ᾖ.
932 1902 969 1943 G.
992 1904 1233 1942 lamentosa
1257 1902 1373 1943 Lam.
1403 1902 1569 1955 Eucycl.
1600 1902 1627 1952 l,
1653 1903 1737 1943 584
1758 1914 1810 1944 ex
1836 1906 1969 1956 parte.

325 1977 421 2011 Hab.
451 1975 499 2010 ad
527 1976 670 2010 maenia
691 1975 847 2021 dirupta
876 1975 1020 2021 Ephesi
1049 1977 1088 2010 in
1117 1974 1241 2019 Lydia
1260 1975 1439 2020 (Tournl,
1460 1976 1583 2011 Auch.
1606 1975 1729 2021 18312,
1746 1976 1903 2021 ssoisst),
1922 1977 1973 2013 nd

276 2024 409 2059 ruinas
429 2023 536 2058 urbis
555 2023 691 2058 Priene
712 2022 846 2066 (Ball).

323 2086 463 2121 Planta
481 2085 614 2132 ampla
627 2085 806 2120 caulibus
821 2085 1120 2131 ‘he-pedalibus.
1140 2085 1243 2120 soliis
1262 2085 1500 2120 radicalibus
1516 2096 1603 2121 cum
1619 2087 1763 2132 petiolo
1777 2087 1865 2122 6-10
1881 2087 1973 2133 poll.

278 2134 420 2178 lorgis,
439 2133 587 2168 corolla
607 2135 651 2167 ea
669 2132 707 2168 C.
732 2136 956 2168 tomentosw
978 2133 1100 2176 major
1119 2136 1156 2167 et
1173 2143 1196 2167 a
1214 2132 1299 2167 basi
1323 2133 1453 2179 ample
1473 2133 1751 2180 campanulata
1769 2144 1837 2169 nec
1857 2135 1975 2170 tubu-

277 2180 592 2223 lom-attenuata,
611 2179 755 2224 calycis
775 2179 856 2214 lobi
889 2179 1012 2214 multo
1032 2179 1230 2224 longiores
1262 2184 1298 2215 et
1320 2180 1545 2215 acuminati.
1562 2181 1765 2227 Specimen
1787 2181 1823 2217 C.
1842 2181 1976 2228 calyce

275 2228 375 2263 (Iuro
402 2226 572 2273 Ephesia
598 2227 744 2261 Tourn.
776 2227 880 2261 berb.
911 2227 958 2261 acl
989 2228 1157 2272 speciem
1189 2227 1473 2273 praecedentem
1506 2230 1607 2263 certe
1640 2230 1798 2274 spectat.
1825 2229 1975 2264 Forsan

279 2285 384 2310 error
404 2273 536 2320 quoad
554 2273 683 2308 locuni
704 2275 743 2308 in
763 2273 948 2308 schedula
968 2274 1145 2319 irrepsit?

338 2411 376 2450 9.
411 2407 466 2451 C.
502 2407 779 2449 saxatilis
812 2405 878 2462 (L.
909 2406 980 2459 Sp.
1013 2420 1049 2460 p.
1080 2408 1184 2453 237)
1218 2408 1299 2449 sub
1336 2408 1449 2448 lente.
1487 2407 1779 2461 subadpresse
1808 2407 1974 2450 brevIs-

280 2469 386 2509 sime
409 2470 451 2508 et
479 2477 605 2519 parce
630 2466 857 2519 puberula.
881 2466 1076 2507 caulibus
1101 2477 1121 2507 e
1144 2465 1383 2508 rliizuinate
1406 2479 1552 2509 crasso
1574 2466 1812 2521 plui-icipiti
1835 2468 1977 2520 cespi-

278 2531 372 2569 toso
392 2525 654 2567 abbreviatis
675 2524 897 2576 fragilibus
916 2525 1218 2567 crassinsrulis
1242 2524 1466 2567 declinatis
1486 2526 1975 2576 ramuloso·racemosis,

279 2586 390 2627 soliis
418 2584 655 2625 crenulatis
684 2583 942 2625 radicalibns
980 2583 1182 2625 rosulatis
1218 2587 1399 2636 anguste
1431 2584 1898 2637 oblongo-spathulatis
1932 2585 1975 2628 in

281 2644 485 2697 petiolum
524 2642 699 2683 brevem
736 2642 983 2685 attenuatis.
1017 2642 1198 2684 caulinis
1228 2642 1459 2685 sessilibus
1495 2643 1692 2695 oblongis
1727 2646 1769 2685 et
1802 2643 1978 2685 lineari-

279 2701 487 2754 oblongis,
524 2700 657 2742 ramis
694 2701 903 2743 brevibus
941 2712 1119 2742 sursum
1153 2700 1416 2743 abbreviatis
1452 2702 1687 2753 5-2-ssoris,
1715 2702 1975 2756 pedunculis

278 2760 564 2809 brevissimis,
590 2759 746 2813 calycis
780 2760 1050 2802 canescentis
1088 2760 1251 2801 laciniis
1276 2760 1802 2813 triangulari-lanceolatis
1836 2762 1974 2804 acutis

278 2820 435 2862 corolla
459 2818 983 2871 tubulose-canipannlala
1009 2819 1095 2860 sere
1122 2818 1171 2860 ad
1199 2819 1385 2860 medium
1415 2819 1706 2873 quinqueloba
1726 2821 1976 2862 tomeutella

280 2879 409 2931 duplo
429 2876 716 2921 brevioribus,
735 2876 1048 2931 appendicibus
1067 2877 1204 2919 ovans
1223 2877 1390 2919 obtusis
1410 2878 1514 2920 tubo
1534 2878 1664 2932 duplo
1682 2878 1975 2929 brevioribus,

279 2938 454 2990 capsula
483 2937 556 2981 (ex
580 2936 617 2977 J.
642 2940 682 2977 et
706 2935 796 2989 Sp.)
824 2936 1199 2990 ‹piinquelocnlari
1219 2936 1303 2990 ΦΥ.)
1336 2935 1387 2977 [c.
1406 2937 1591 2980 Aubriet
1614 2937 1655 2978 in
1678 2937 1715 2979 J.
1738 2940 1781 2979 et
1804 2936 1874 2990 Sp.
1911 2937 1972 2979 [ll.

279 2997 350 3038 Or.
379 2996 461 3038 tab.
489 2996 586 3036 392.
610 3018 664 3025 -
685 2994 725 3036 C.
751 2994 915 3036 Cretica
942 2994 1145 3035 sufficitis
1172 2993 1341 3036 bellidis
1354 2994 1475 3046 folio
1488 2995 1603 3048 flore
1630 3007 1787 3049 mayno
1811 2996 1972 3038 Tourn.
