2912 4368
375 670 514 707 Rachia.
1114 679 1339 704 RUBIACEAE.
2043 675 2089 710 19

373 751 613 793 linearibus
650 750 803 804 rigidis
841 752 979 793 acutis
1011 750 1215 792 elevatim
1239 751 1465 792 trinerviis
1500 753 1651 793 nervis
1687 753 1796 794 albis
1831 754 2087 798 lateralibus

374 810 722 863 mar-ginantibus
750 810 942 864 undique
965 810 1035 852 vel
1053 809 1198 851 rarius
1225 811 1279 851 ad
1302 822 1465 852 nervos
1495 814 1665 853 tantuin
1690 813 1920 866 scabridis,
1948 816 2086 867 cymis

373 869 626 911 axillaribus
656 871 698 909 et
723 868 1026 910 terminalibus
1052 869 1359 922 peduneulatis
1385 870 1638 911 mullit'loris
1665 872 2085 924 pyramidato-race—

373 928 507 969 mosis
535 928 746 970 i'oliolosis
766 928 865 969 folio
894 928 1254 982 subaequilongis,
1280 929 1500 980 pedieellis
1521 930 1857 984 pedunculoque
1882 932 2086 986 birtellis,

374 987 547 1028 corollae
575 987 830 1028 luteseentis
862 987 1043 1028 minutae
1078 986 1359 1039 pubescentis
1395 987 1540 1028 rarius
1578 988 1784 1040 glabratae
1829 990 1938 1031 lobis
1977 995 2086 1033 atte-

373 1045 1004 1097 nuato-acuminatis,antheris
1016 1046 1169 1096 ovatis,
1185 1046 1461 1098 stigmatibus
1477 1046 1673 1099 capitatis
1685 1055 1719 1096 5.
1732 1048 2087 1101 Biraclefgscwtlm

373 1103 511 1145 Boiss.
539 1105 582 1145 in
610 1104 690 1158 Ky.
721 1116 811 1145 exs.
841 1106 966 1146 18402.

417 1177 517 1212 Halo.
532 1178 571 1211 in
586 1178 718 1213 Persia
732 1189 851 1224 prope
864 1178 1035 1224 Ispahan
1052 1178 1320 1223 (Auch.663!)‚
1336 1178 1375 1213 in
1392 1179 1574 1223 virgultis
1591 1190 1710 1225 prope
1726 1180 1885 1216 Schiras
1902 1184 1938 1216 et
1953 1186 2087 1217 monte

370 1223 591 1259 Kuhdaena
610 1225 698 1270 (ΚΥ.
719 1225 805 1261 4631
824 1228 860 1260 et
878 1225 993 1265 (5422).
1022 1226 1079 1261 Fl.
1098 1226 1188 1261 Jun.
1213 1226 1289 1261 Jul.

428 1300 471 1352 β.
504 1300 791 1353 stenoplegscla.
811 1326 866 1329 ——
890 1302 1008 1343 Folia
1028 1301 1278 1353 angustiora
1304 1301 1483 1341 linearia
1504 1313 1618 1353 slepe
1638 1302 1835 1354 elongata
1862 1302 2084 1356 ‘le-polli-

369 1360 483 1400 caria
510 1359 731 1401 interdum
757 1360 919 1413 glabra.
944 1385 998 1388 —
1026 1360 1075 1402 R.
1104 1359 1316 1412 Kotseleyc'
1342 1360 1481 1401 Bulss.
1513 1360 1663 1412 Diagn.
1691 1362 1783 1402 Ser.
1814 1363 1845 1411 I,
1875 1364 1914 1414 6,
1942 1376 1983 1416 p.
2014 1364 2080 1404 70.

416 1434 517 1469 Hal).
546 1435 585 1469 in
615 1434 775 1480 sepibus
797 1445 917 1481 prope
938 1435 1095 1470 Schiras
1117 1434 1207 1479 (ΚΥ.
1236 1435 1350 1478 5451),
1382 1435 1420 1468 in
1449 1434 1626 1469 dumosis
1654 1436 1850 1471 montium
1882 1436 2082 1472 districtus

369 1480 458 1516 Kuh
468 1482 664 1527 Kilouyeh
673 1482 817 1517 Persi-ae
831 1482 1237 1517 austro-occidentalis
1252 1482 1316 1516 alt.
1328 1483 1382 1517 50<
1393 1481 1524 1516 »ω’-904)
1542 1483 1556 1512 ι’
1571 1482 1795 1527 (Hausskl),
1806 1483 1905 1518 inter
1916 1483 2081 1519 Kohrud

368 1530 405 1562 et
421 1528 604 1563 Kasclian
624 1529 769 1574 (Bgel),
793 1530 833 1563 in
852 1530 1066 1574 Affghania
1086 1529 1135 1563 ad
1155 1529 1314 1575 Otipore
1334 1528 1498 1573 (NGrist'lj.

366 1639 391 1672 t*
412 1591 567 1645 Species
585 1592 749 1627 floribus
768 1592 943 1628 minimis
965 1593 1007 1628 in
1030 1592 1236 1639 paniculas
1262 1603 1485 1627 racemos-as
1512 1592 1698 1627 axillares
1729 1593 1894 1639 digestis
1919 1594 2081 1630 distinc-

383 1649 533 1674 issima.

894 1791 1187 1838 SHERARDM
1222 1792 1279 1852 (t.
1313 1792 1409 1838 tien.
1443 1790 1558 1849 l‘zl).

426 1926 574 1968 Flores
601 1927 943 1979 hermaphroditi
968 1926 1154 1979 capitati.
1184 1925 1351 1979 Galycis
1372 1925 1504 1966 tubus
1529 1928 1701 1978 ovatus,
1720 1937 1870 1977 margo
1892 1926 2081 1968 sexden-

369 1988 483 2027 tatus
502 1997 754 2027 accrescens
775 1986 1032 2038 persistens.
1061 1984 1230 2027 Corolla
1250 1984 1669 2026 infundibulit'ormiS
1699 1984 1945 2038 quadrifida
1968 1984 2080 2026 lobis

367 2056 451 2086 non
476 2045 836 2098 appendiculatis.
877 2045 1063 2086 Fructus
1099 2044 1240 2087 siccus
1264 2044 1537 2096 meriearpiis
1574 2044 1694 2096 apice
1731 2043 1994 2085 tridentatis.
2023 2066 2081 2075 —

369 2103 513 2145 Herba
535 2117 691 2145 annua.
720 2128 769 2133 -—
799 2103 949 2146 Genus
972 2104 1117 2157 calyce
1143 2107 1346 2145 coronato
1375 2104 1427 2144 ab
1451 2102 1669 2152 Asperum
1691 2102 1959 2144 distinctum.

436 2232 469 2272 1.
502 2230 552 2273 S.
580 2231 860 2273 arvensis
890 2229 956 2283 (L.
990 2229 1063 2283 Sp.
1096 2229 1198 2283 149)
1228 2242 1371 2271 annua
1410 2229 1500 2270 basi
1535 2241 1706 2270 ramosa
1728 2227 1863 2269 ramis
1905 2228 2080 2270 decum—

367 2289 571 2332 bentibus
599 2290 666 2331 vel
698 2289 1053 2341 ascendentibus,
1090 2289 1203 2331 foliis
1233 2289 1395 2341 patulis
1430 2288 1625 2341 margine
1665 2287 1877 2328 scabridis
1918 2287 2081 2329 infimis

368 2349 579 2403 oppositis
630 2348 1035 2401 oblongo-obovatis
1073 2349 1242 2391 caeteris
1279 2348 1446 2389 [ko-nis
1494 2347 1755 2400 spathulatis
1806 2347 2079 2399 acuminatis,

368 2407 551 2450 floribus
584 2409 658 2449 4-8
691 2407 1009 2449 subsessilibus
1042 2407 1349 2449 terminalibus
1387 2407 1584 2459 capitatis
1621 2405 1921 2458 invulneratis,
1957 2406 2079 2448 invo—

368 2467 477 2509 lucri
513 2467 672 2520 phyllis
708 2467 799 2508 basi
839 2467 1036 2509 connatis
1075 2466 1533 2520 oblongo-lanceolatis
1571 2466 1703 2506 flores
1745 2465 2078 2517 superantibus,

368 2526 524 2580 calycis
551 2525 755 2567 dentibus
794 2526 1044 2568 lanceolatis
1076 2526 1175 2579 pilis
1216 2526 1439 2579 adpressis
1482 2525 1651 2577 obsitis,
1690 2523 1861 2566 corollae
1900 2524 2081 2565 lilacinae

367 2585 471 2627 tubo
488 2584 606 2626 tenui
624 2585 788 2627 sensim
802 2584 1003 2638 ampliato
1029 2585 1141 2627 iobis
1161 2585 1356 2638 oblongis
1380 2584 1586 2638 longiore,
1608 2585 1778 2625 fructus
1799 2583 1902 2625 tubo
1922 2594 2080 2636 aspero

368 2646 526 2686 corona
554 2644 841 2685 subbreviore
869 2648 933 2694 Θ.
968 2645 1023 2686 Ic.
1051 2644 1113 2686 Fl.
1136 2645 1245 2685 Dan.
1272 2645 1355 2685 tab.
1379 2645 1478 2685 439.

416 2717 506 2752 Hah
536 2718 637 2752 inter
655 2720 805 2762 segetes
823 2720 860 2753 et
877 2718 917 2752 in
935 2718 1112 2753 arenosis
1127 2718 1338 2753 maritimis
1360 2718 1479 2752 totius
1498 2717 1668 2762 regionis
1688 2727 1711 2751 a
1730 2716 1884 2751 Graecia
1901 2717 1938 2750 et
1954 2715 2083 2750 Mace·

368 2764 503 2801 donia!
522 2764 572 2799 ad
586 2764 742 2809 Syriam
756 2765 970 2800 littoralem
989 2765 1070 2806 (Bll
1086 2765 1195 2800 Gaill
1210 2767 1248 2809 l),
1264 2765 1595 2810 Mesopotamiam
1612 2763 1837 2808 (Hausst
1854 2773 1962 2808 prov.
1980 2762 2081 2797 Cau-

368 2812 515 2847 casicas
543 2814 580 2847 et
606 2812 956 2848 Transcaucasicas
979 2812 1170 2857 (Laden),
1195 2813 1373 2848 Persian]
1401 2812 1602 2847 borealem
1629 2811 1774 2855 (Egel),
1800 2814 1838 2845 et
1865 2809 2081 2845 australem

368 2869 488 2905 prope
507 2859 682 2894 Abuchir
698 2859 791 2906 (Ky.
811 2860 908 2905 551).

415 2923 477 2957 Ar.
502 2922 636 2967 Geoqr.
665 2922 825 2968 Europa
841 2923 972 2957 omnis
990 2922 1043 2958 ab
1064 2923 1209 2968 Anglia
1234 2925 1272 2958 et
1296 2922 1434 2958 Sueeia
1460 2922 1509 2957 ad
1527 2921 1710 2957 Rossiam
1735 2920 1917 2965 mediam,
1939 2919 2080 2955 insula:

370 2968 641 3013 Canarienses,
659 2969 789 3005 Africa
807 2969 991 3005 borealis.

864 3118 1216 3166 CRUCIANELLA
1246 3119 1306 3180 (L.
1336 3119 1433 3166 Gen.
1462 3118 1582 3179 126).

428 3254 579 3296 Flores
617 3255 962 3308 hermaphroditi
1003 3256 1187 3298 solitarii
1229 3256 1295 3297 vel
1342 3256 1431 3296 bini
1481 3255 1573 3296 basi
1620 3253 1888 3295 tribraeteati
1936 3253 2078 3305 spicas

370 3313 617 3355 imbricatas
642 3313 849 3356 distichas
879 3314 948 3355 vel
978 3315 1252 3357 tetrastiehas
1278 3315 1531 3356 formantes.
1573 3312 1738 3366 Calycis
1775 3324 1922 3365 margo
1954 3311 2080 3353 obso—

370 3372 499 3414 letus.
564 3370 746 3414 Corollae
796 3373 1217 3416 infundibuliformis
1275 3373 1482 3415 4-5—fida
1532 3373 1640 3414 lehis
1697 3372 1740 3413 in
1794 3371 2079 3425 appendicem

372 3431 705 3473 caudaeformem
735 3432 853 3474 intus
888 3432 1047 3474 flexam
1079 3432 1358 3474 abeuntibus.
1415 3431 1562 3486 Stylns
1598 3432 1759 3473 bifidus
1803 3429 2078 3483 stigmatibus
