2066 3296
125 224 357 264 Centaurea.
852 235 1098 264 couposrrAE.
1751 233 1823 269 617

181 307 303 352 Smer.
339 306 386 349 V,
423 307 730 350 Annocnuus.
766 332 821 337 --
851 308 1034 351 Annuae.
1069 308 1268 363 Capitula
1293 323 1425 365 parva
1457 310 1650 367 oblonga.
1694 315 1818 356 Invo-

420 366 530 408 lucri
568 365 714 420 phylla
752 366 892 409 eiliata
929 368 972 409 in
1011 367 1229 421 spinulam
1266 370 1562 413 subinermem
1599 373 1816 415 abeuntia.

415 424 608 467 Achenia
632 425 811 467 minima
835 438 1039 480 papposa.

171 530 209 568 C.
228 529 382 578 patula,
400 530 710 578 Ammocyanus,
729 530 841 569 laxa.

183 687 302 732 Secr.
338 685 409 729 vl.
444 688 730 731 Aenoboruus
763 686 882 731 Cass.
928 714 972 719 —
1012 690 1236 733 Perennes
1280 692 1345 734 vel
1387 693 1576 735 biennes.
1625 691 1821 746 Capitula

417 759 553 802 parva
575 748 641 790 vel
669 747 919 790 mediocria.
947 747 1164 792 Involucri
1194 750 1340 803 phylla
1366 750 1617 793 membrana
1635 753 1816 804 angusta

417 806 666 861 pectinatim
695 806 838 849 ciliata
861 807 1088 851 manifeste
1113 808 1180 850 vel
1208 809 1393 852 obscure
1426 809 1676 852 decurrenti
1702 821 1817 852 mar·

417 864 562 919 ginata
581 865 625 907 in
644 877 898 908 mucronem
919 866 987 908 vel
1005 867 1224 921 spinulam
1244 868 1418 911 brevem
1442 868 1550 910 ciliis
1570 868 1821 910 lateralibus

419 923 762 967 subvalidiorem
785 927 828 968 et
852 925 1179 979 sublongiorem
1212 927 1429 969 abeuntia.
1469 927 1609 969 Seetio
1632 939 1650 967 a
1677 926 1819 976 Jacea',

417 982 647 1038 speciebus
671 983 893 1037 prioribus
920 984 1229 1038 mediantibus,
1258 986 1526 1030 subobscure
1553 989 1595 1028 et
1622 985 1820 1027 artificia-

421 1042 522 1085 liter
545 1045 713 1085 tantum
740 1042 954 1086 distincta.

169 1152 184 1168 ·
212 1148 424 1187 Pannosae.
440 1170 475 1175 -
494 1149 719 1195 Hei-bacone,
737 1150 1081 1187 albo-tomentosae
1101 1150 1165 1186 vel
1181 1150 1300 1187 dense
1319 1162 1425 1186 eanae
1442 1151 1601 1196 (Confer
1622 1150 1659 1187 C.
1671 1150 1821 1187 Groecoe

238 1199 276 1234 et
291 1196 327 1234 C.
343 1197 518 1234 dz'sseetoe
531 1197 680 1233 formas
696 1197 1016 1244 glabrescentes).
1029 1198 1261 1245 Phyllorum
1278 1209 1414 1235 mucro
1434 1199 1704 1235 brevissimus.

171 1285 208 1323 C.
229 1285 436 1330 Cariensis,
466 1285 833 1331 Wiedemanm‘ana,
856 1286 1028 1332 Nz'edert'‚
1055 1291 1259 1333 arqentea,
1289 1296 1480 1334 pannosa,
1505 1285 1694 1332 rutifvdz'a,
1719 1284 1821 1332 lyro-

117 1332 268 1381 phylla,
288 1332 432 1380 Kiloea,
447 1332 602 1379 Graeca,
618 1333 797 1370 dissecta.

190 1446 208 1464 *
234 1446 253 1464 ⁶
278 1445 536 1484 Panieulatoe.
559 1467 603 1473 —
630 1446 844 1483 Herbaceae
862 1450 1111 1483 canescentes
1129 1447 1194 1483 vel
1213 1448 1412 1493 glabratae.
1432 1445 1616 1494 Capitula
1635 1447 1753 1482 ovata

498 1493 562 1530 vel
576 1494 762 1541 oblonga.
777 1494 1011 1541 Phyllorum
1027 1505 1161 1531 mucro
1177 1495 1448 1531 brevissimus.

164 1582 208 1621 C.
226 1584 449 1630 euneisolm,
465 1582 690 1628 suldanum,
707 1583 877 1631 pallida,
894 1583 1057 1629 intacta,
1078 1583 1298 1631 olympica,
1315 1582 1565 1630 yoniocaula,
1585 1581 1819 1629 peucedani-

116 1630 230 1678 solia,
248 1631 464 1677 maculosa,
480 1631 610 1677 ovina,
625 1631 847 1676 munitiora,
866 1630 1070 1676 arenaria,
1088 1630 1311 1678 polyclada.

174 1747 190 1763 *
221 1745 236 1762 ·
261 1746 277 1762 *
303 1744 613 1782 Ramosissimoe.
633 1765 675 1771 —
695 1743 908 1780 Herbaceae
926 1744 1218 1780 ramosissimae.
1239 1743 1423 1791 Capitula
1444 1743 1762 1789 ovato-oblonga.

697 1791 932 1837 Phyllorum
952 1791 1066 1838 spina
1084 1791 1248 1838 longior.

167 1870 205 1909 C.
225 1869 352 1915 Pelia,
367 1869 634 1919 Orphanidea.

212 1988 227 2003 '¹
256 1985 272 2003 '¹
299 1985 314 2003 *
341 1986 357 2003 *
386 1983 667 2032 Cylindraeeae.
691 2005 736 2011 —-
755 1985 967 2022 Herbaeeae
986 1985 1280 2022 ramosissimae.
1311 1984 1496 2032 Capitula
1513 1983 1725 2031 paucissora

761 2032 1185 2079 oblongo—cylindriea.

169 2118 208 2173 C:
225 2118 387 2173 diffusa,
410 2120 641 2169 microlepis,
658 2122 831 2169 viryata‚
848 2120 1132 2170 leptoeephala,
1149 2121 1453 2167 consarrqm'nea,
1472 2122 1704 2166 astqreqata,
1724 2116 1818 2153 Zuc-

119 2176 342 2204 carentum.

212 2283 228 2302 *
255 2284 272 2302 ·
301 2284 314 2300 ”
341 2285 356 2301 ¹*
388 2288 400 2302 ”
425 2282 670 2321 Dumulosoe.
697 2305 742 2310 —
767 2284 1092 2321 Suffrutescentes
1111 2283 1281 2319 humiles
1299 2281 1582 2318 ramosissimae
1604 2279 1724 2315 ramis

521 2331 720 2368 interdum
738 2331 1064 2379 spinesoentibus.
1083 2330 1265 2377 Capitula
1283 2340 1417 2376 parva.

168 2416 205 2455 C.
224 2419 427 2467 intricata,
443 2418 618 2468 spinosa,
636 2419 903 2468 Sinyarensis,
917 2420 1139 2465 dumulosa,
1159 2419 1423 2456 Damascena.

180 2574 301 2620 Sssc'r.
336 2575 428 2619 VII.
462 2577 790 2621 Acnocnnrnon.
827 2601 882 2608 —-
914 2576 1181 2630 Lopholoma
1211 2580 1253 2619 et
1283 2576 1580 2618 Acrocentron
1614 2573 1733 2616 Cass.
1761 2597 1817 2604 —

417 2635 653 2680 Perennes.
679 2636 877 2692 Capitula
899 2636 1138 2691 majuscula
1164 2639 1206 2679 et
1227 2648 1393 2688 magna.
1423 2634 1641 2676 involucri
1666 2632 1813 2686 phylla

414 2695 605 2739 scariosa
622 2695 689 2739 vel
707 2696 870 2750 saepius
887 2695 1080 2738 coriaeea
1097 2694 1220 2747 dura,
1239 2705 1428 2748 superne
1446 2692 1586 2735 ciliata
1602 2692 1667 2734 vel
1685 2691 1818 2733 raris·

420 2755 531 2798 sime
562 2754 731 2808 integra
762 2755 833 2797 vel
865 2753 1136 2807 subintegra‚
1168 2753 1212 2796 in
1235 2753 1405 2807 spinam
1430 2752 1583 2794 duram
1617 2750 1819 2792 abeuntia

414 2814 561 2857 rarius
585 2813 757 2857 mutina.
784 2811 925 2857 Sectio
948 2813 1001 2856 ab
1025 2811 1272 2864 Acrolopho
1295 2814 1338 2854 et
1357 2809 1490 2854 laced
1511 2809 1671 2864 quibus
1694 2808 1816 2850 valde

415 2872 555 2915 affinis
583 2874 752 2915 statura
777 2872 889 2914 elate
913 2876 956 2915 et
981 2871 1182 2927 capitulis
1206 2870 1442 2925 maj0ribus
1467 2870 1663 2918 diversa;
1689 2867 1816 2919 spina

414 2931 658 2974 terminalis
695 2930 946 2986 phyllorum
981 2930 1165 2984 insuper
1197 2931 1241 2972 in
1277 2927 1518 2980 Acroloplzo
1556 2927 1814 2981 plerumque

413 2990 550 3034 multo
573 2990 744 3045 longior
769 2992 811 3033 et
835 2989 1033 3043 validior,
1069 2990 1146 3032 sed
1181 2988 1346 3043 species
1374 2986 1592 3030 nonnullae
1626 2985 1687 3038 (C.
1716 2983 1815 3027 Sca-
