2066 3296
112 250 346 288 Centaurea..
844 258 1093 286 COMPOSITAE.
1751 253 1827 290 629

109 330 581 385 oblongo-lanceolatis‚
619 331 823 386 capitulis
863 331 1203 384 ovato-globosis
1240 331 1353 375 soliis
1391 333 1577 376 summis
1617 334 1824 387 suffultis,

112 390 325 434 involucri
348 389 603 444 nigricantis
626 390 787 444 phyllis
815 390 1057 444 appendice
1085 389 1277 433 scariosa
1303 391 1366 433 eis
1394 392 1536 436 latiori
1570 393 1825 437 orbiculari-

111 452 236 493 ovata
259 450 311 491 ad
337 450 407 492 vel
427 450 543 492 ultra
564 448 758 491 medium
780 449 999 503 profunde
1025 449 1275 503 pectinatim
1298 450 1437 493 ciliata
1466 451 1823 505 adpressiuscula

112 509 345 563 superatis,
363 508 558 551 flosculis
584 508 724 551 roseis
749 508 945 550 externis
968 507 1260 560 radiantibus,
1286 509 1477 552 acheniis
1503 511 1638 553 calvis
1671 517 1730 558 36.

159 582 260 674 Ηεὲὶὲ.
280 582 321 617 111
337 581 543 664 sylvaticis
560 580 721 628 Olympi
739 580 907 626 Bithyni
925 580 1121 627 (Thirke),
1135 581 1252 617 Ponti
1271 582 1320 617 ad
1340 581 1451 618 Calia
1469 593 1588 630 prope
1600 584 1822 631 Trapezun-

111 632 188 665 tem
261 639 360 675 ourg
390 632 415 673 ).

139 694 192 746 ,A
209 691 247 728 C.
269 689 562 746 Jaeeciophyllis
583 691 778 745 profunde
797 693 834 727 et
853 691 987 727 crebre
1007 692 1366 746 pectinato-ciliatis
1381 693 1572 747 distincta.
1589 695 1626 747 -C.
1643 694 1764 748 niqra
1779 694 1822 748 L

109 738 549 833 gzffiiiltiiislogggggsirsion
580 737 840 784 radiannbus,
870 737 1102 785 phyllorum
1136 739 1419 786 appendicibus
1446 742 1642 786 pinnatim
1667 741 1823 783 cuiatis,

161 849 225 885 Ar.
251 849 385 895 Geoqr.
414 848 519 885 Euro
548 859 573 885 a
599 849 730 884 media
758 848 809 884 ab
834 848 980 894 Anglia
1004 851 1042 885 et
1066 848 1197 884 Dania
1217 849 1267 884 ad
1297 849 1478 886 Rossiam
1509 851 1681 887 mediam
1706 854 1744 887 et
1772 852 1824 887 ab

107 896 220 932 Italia
237 896 368 932 media
384 896 435 932 ad
457 896 518 932 Da
537 896 711 932 matiam.

172 1010 240 1052 ⁶24.
268 1010 320 1055 C.
345 1009 557 1055 Cassia
581 1008 741 1065 (Boiss.
768 1008 924 1062 Diagn.
954 1007 1048 1051 Ser.
1073 1009 1105 1062 I,
1139 1010 1204 1062 10,
1232 1022 1272 1064 p.
1306 1009 1408 1065 108)
1431 1011 1633 1066 asperula
1656 1012 1824 1062 viridis,

113 1069 312 1112 caulibus
350 1069 559 1112 tenuibus
600 1068 783 1121 virgatis
820 1067 1023 1121 rigidulis
1063 1079 1257 1122 superne
1302 1080 1430 1122 parce
1466 1070 1672 1118 ramosis,
1712 1071 1825 1114 foliis

114 1128 323 1183 depresse
351 1127 700 1182 multipunctatis
734 1125 1000 1170 radicalibus
1030 1127 1227 1170 breviter
1254 1127 1472 1183 petiolatis
1511 1128 1825 1183 lyrato-pinna-

112 1187 320 1241 tipartitis
365 1190 587 1241 segmento
629 1186 849 1228 terminali
891 1185 1076 1239 oblongo
1118 1185 1382 1229 denticulato
1428 1186 1685 1231 lateralibus
1725 1189 1823 1230 2-5

114 1246 295 1289 minutis
322 1244 785 1300 oblongo—linearibus,
812 1244 925 1288 foliis
951 1244 1135 1288 caulinis
1163 1246 1329 1289 sensim
1354 1246 1581 1290 diminutis
1604 1248 1826 1302 supremis

116 1304 321 1359 ellipticis
358 1305 551 1359 integris,
586 1304 774 1358 capitulo
812 1303 1118 1346 subbracteato
1150 1304 1359 1347 mediocri
1392 1304 1580 1359 globoso,
1607 1306 1826 1348 involucri

116 1363 276 1418 phyllis
300 1365 538 1419 appendice
562 1363 722 1418 pallide
739 1362 941 1405 brunnea
963 1362 1151 1406 scariosa
1175 1364 1236 1407 eis
1254 1363 1493 1407 sublatiore
1515 1367 1641 1408 ovata
1663 1365 1753 1407 sere
1771 1365 1826 1408 ad

115 1422 308 1466 medium
349 1422 730 1478 pectinato-ciliata
768 1422 1001 1476 superatis,
1037 1422 1293 1465 intimorum
1333 1422 1572 1477 appendice
1610 1424 1826 1467 cucullata

115 1482 270 1536 lacera,
289 1482 484 1525 flosculis
504 1482 642 1525 roseis
661 1493 747 1524 non
765 1481 1056 1534 radiantibus,
1074 1493 1216 1537 pappo
1235 1482 1331 1524 albo
1349 1481 1528 1524 achenio
1552 1482 1825 1536 (immaturo)

115 1540 318 1584 breviore
355 1547 414 1589 26.

161 1613 264 1650 Hab.
283 1615 325 1649 in
343 1614 503 1661 regione
522 1614 720 1661 sylvatica
739 1614 885 1651 montis
906 1614 1035 1651 Cassii
1053 1614 1179 1660 Syriae
1199 1614 1369 1651 borealis
1389 1615 1570 1661 (Boissl).

162 1677 468 1761 seS‘JUiged‘iffiS’
486 1678 582 1733 soli-a
598 1677 787 1733 radicalia
803 1688 898 1732 cum·
912 1677 1059 1724 petiolo
1079 1679 1100 1714 1
1115 1677 1201 1732 ¹l²·‚2
1218 1678 1381 1732 pollices
1400 1681 1553 1714 tantum
1567 1677 1704 1733 ionga,
1723 1678 1828 1731 capi-

116 1725 201 1760 tula
220 1735 276 1761 e1s
327 1753 334 1760 .
356 1736 487 1772 myrae
508 1735 674 1769 minora,
698 1725 791 1761 huic
815 1725 980 1761 floribus
1003 1736 1080 1762 non
1106 1725 1355 1762 radiantibus
1380 1728 1418 1761 et
1440 1726 1614 1761 acherius
1639 1735 1826 1773 papposus

117 1772 245 1818 magis
271 1782 392 1819 quam
421 1773 529 1819 gregi
561 1774 595 1809 G.
621 1771 751 1810 Jaceae
776 1772 917 1817 affinis,
936 1772 1065 1809 differt
1093 1772 1377 1820 appendicibus
1410 1772 1727 1809 ovato-rotundis
1758 1782 1829 1808 nec

115 1819 359 1864 lanceolatis,
377 1820 552 1856 breviter
566 1830 636 1856 nec
653 1820 772 1867 longe
790 1819 946 1855 ciliatis.

177 1934 244 1976 25.
279 1933 333 1977 C.
368 1933 749 1978 Derventana
772 1933 956 1990 (Visian.
979 1937 1024 1976 et
1044 1934 1201 1978 PancIc
1227 1934 1368 1977 Plant.
1393 1934 1519 1977 Serb.
1551 1935 1748 1978 Decades
1770 1935 1826 1987 ΙΙ,

117 2005 160 2047 p.
192 1993 258 2044 10,
288 1993 373 2035 tab.
407 1992 481 2048 13)
512 1993 669 2037 viridis
698 1994 781 2037 sub
804 1993 920 2036 lente
952 2005 1083 2048 parce
1103 1997 1147 2036 et
1178 1994 1346 2036 minute
1374 1994 1603 2049 puberula,
1628 1994 1826 2038 caulibus

117 2051 454 2095 ascendentibus
482 2052 578 2095 laxe
604 2056 647 2095 et
673 2052 915 2095 dichotome
933 2051 1220 2107 corymbosis‚
1236 2052 1349 2095 foliis
1374 2054 1638 2106 punctulatis
1659 2053 1827 2096 radica-

117 2110 235 2154 libus
261 2111 387 2165 longe
413 2111 631 2165 petiolatis
661 2110 857 2165 oblongis
882 2110 977 2155 basi
1009 2112 1245 2155 attenuatis
1268 2111 1424 2154 obtuse
1452 2112 1729 2155 denticulatis
1756 2112 1827 2156 vel

118 2168 211 2212 basi
233 2169 404 2220 Iobatis,
431 2169 614 2213 caulinis
636 2170 919 2213 inferioribus
945 2169 1379 2225 lyrato-pinnatifidis
1407 2171 1585 2215 brevius
1609 2171 1826 2224 petiolalis

119 2228 425 2282 superioribus
447 2232 490 2271 et
512 2229 674 2272 rameis
701 2229 930 2273 sessilibus
955 2229 1203 2272 lanceolatis
1223 2229 1412 2271 dentatis
1430 2232 1473 2271 et
1496 2229 1692 2284 integris,
1712 2230 1829 2284 capi-

118 2286 223 2329 tulis
240 2287 449 2330 solitariis
467 2287 774 2343 pedunculatis
790 2288 883 2332 basi
901 2288 1118 2332 subnudis
1133 2288 1272 2332 ovatis
1290 2288 1594 2341 mediocribus,
1609 2289 1827 2332 involucri

120 2345 269 2399 pallidi
295 2346 458 2401 phyllis
482 2343 648 2391 striatis
675 2347 816 2391 ovatis
847 2350 890 2390 et
911 2347 1110 2401 oblongis
1136 2347 1260 2402 apice
1283 2347 1631 2390 fuscescentibus
1656 2347 1827 2390 brevis-

120 2403 229 2447 sime
246 2405 769 2459 7-11-peetinato-ciliatis
786 2406 1030 2449 inermibus
1047 2406 1091 2448 in
1117 2405 1424 2449 mucronulum
1448 2406 1557 2448 ciliis
1578 2406 1828 2448 breviorem

121 2461 400 2517 abeuntibus,
431 2464 624 2508 flosculis
651 2465 793 2509 roseis
823 2464 1111 2517 radiantibus,
1141 2465 1272 2519 pappi
1303 2464 1388 2506 albi
1420 2464 1534 2507 serie
1565 2464 1828 2508 intermedia

124 2521 303 2565 achenio
332 2522 679 2578 sesquilongiore
712 2529 772 2572 31.

122 2594 271 2679 Flfljibl.
300 2597 341 2633 in
365 2597 610 2645 rupestribus
633 2597 818 2636 calcareis
845 2597 1087 2634 Macedoniae
1114 2597 1199 2634 bor.
1227 2596 1373 2633 Serbiae
1391 2596 1646 2632 conterminae
1663 2596 1829 2642 (Pauci).

171 2669 179 2678 .
222 2653 248 2679 u
268 2671 276 2679 .

169 2704 312 2742 Caules
337 2706 407 2742 vix
433 2706 606 2754 pedales,
632 2707 816 2744 foliorum
844 2707 1078 2744 radicalium
1105 2707 1255 2743 lamina
1280 2707 1300 2742 1
1321 2706 1620 2753 ¹1¹2-2-pollicaris
1672 2705 1830 2742 ollicem

121 2751 214 2798 lata,
231 2753 404 2801 capitula
423 2755 588 2800 magnit.
611 2754 651 2792 C.
668 2754 810 2799 Jaeeoe,
829 2755 995 2791 achenia
1015 2754 1299 2801 sesquilineam
1320 2754 1449 2800 longa.
1467 2753 1623 2801 Species
1659 2753 1830 2789 oliorum

123 2798 249 2836 forma
262 2802 301 2837 et
317 2801 497 2838 caulibus
515 2801 822 2839 ascendentibus
837 2801 901 2838 vel
920 2801 1251 2838 decumbentibus
1269 2800 1448 2846 insignis.

831 2922 850 2940 ⁸
879 2922 898 2940 ¹'
924 2922 1121 2969 Phrygiae.

184 3022 253 3066 26.
287 3021 344 3067 C.
373 3023 644 3068 serotina
669 3023 863 3079 (Borean
887 3022 949 3065 Fl.
978 3021 1125 3065 Centr.
1151 3020 1221 3063 Fr.
1249 3019 1305 3063 Ν0
1334 3018 1467 3074 1330)
1495 3020 1701 3075 asperula
1727 3018 1832 3062 viri-
