2071 3241
84 229 299 267 Anthemis.
804 237 1048 263 composrrAE.
1709 227 1780 264 303

129 309 269 345 Caules
289 307 587 355 3-5-pollicares,
614 306 741 341 affinis
760 307 810 341 A.
832 306 1033 342 z'nduratoe
1063 305 1131 341 sed
1156 305 1251 341 folia
1273 306 1357 341 basi
1384 307 1609 352 pectinatim
1631 306 1778 342 lacinu-

82 358 177 402 losa,
210 359 414 401 segmenta
442 357 479 390 et
508 353 660 389 laciniae
691 353 889 398 longiores
919 354 1124 398 acutioreS,
1152 353 1287 398 ligulae
1307 352 1518 399 longiores,
1548 354 1670 400 paleae
1690 355 1776 389 basi

84 405 304 447 attenuatae,
324 401 487 438 achenia
502 400 741 448 punctulata.

144 516 211 557 51.
244 514 308 558 A.
346 511 891 556 leucanthemifolia
925 513 1082 567 (Boiss.
1111 516 1152 555 et
1184 512 1247 555 Bl.
1276 513 1424 566 Diagn.
1455 512 1548 554 Ser.
1575 513 1629 563 H,
1666 515 1704 564 3,
1732 527 1773 567 p.

86 573 160 628 20)
187 573 376 627 crispule
398 575 441 614 et
468 583 595 625 parce
618 571 779 614 hirtula
808 572 968 624 virens,
991 571 1187 614 caulibus
1212 584 1236 613 e
1259 572 1366 613 collo
1396 571 1594 625 pluribus
1617 574 1778 615 crassis

81 632 242 676 foliosis
277 631 611 674 ascendentibus
647 630 714 671 vel
754 631 984 685 prostratis
1019 631 1289 683 simplicibus
1317 631 1383 671 vel
1421 642 1549 684 parce
1579 632 1777 681 ramosis,

80 692 192 736 foliis
229 690 413 743 oblongo
450 691 518 732 vel
561 689 961 732 obovato-cnneatis
998 690 1117 743 apice
1158 690 1313 732 obtuse
1351 689 1668 742 paucicrenatis
1710 692 1777 733 vel

81 750 247 800 Iobatis,
272 748 454 792 summis
479 748 659 790 minutis
697 748 1096 802 lineari-lingulatis
1121 749 1317 801 integris,
1346 749 1602 801 pedunculis
1631 750 1774 790 brevi-

81 811 159 852 bus
196 809 370 850 demum
412 807 533 849 valde
574 807 842 856 incrassatis,
883 807 1082 860 capitulis
1122 807 1388 861 majusculis,
1425 807 1636 849 involucri
1666 808 1777 850 hirti

79 867 228 923 pallidi
264 866 424 922 phyllis
467 866 660 909 externis
702 865 1126 908 lineari-lanceolatis
1169 866 1355 908 internis
1399 866 1773 919 lineari-oblongis

80 925 282 970 omnibus
320 926 488 968 obtusis
531 925 870 970 albo-scariosis.
913 925 1172 978 receptaculi
1215 925 1348 967 conici
1395 925 1530 977 paleis
1570 925 1776 978 oblongo-

78 985 326 1029 lanccolatis
359 983 563 1027 carinatis
596 984 852 1026 acuminatis
885 984 1053 1026 diScum
1089 984 1378 1037 aequantibus‚
1405 983 1548 1036 ligulis
1576 983 1775 1037 ellipticis

79 1044 187 1087 albis
213 1043 386 1086 demum
411 1043 595 1085 rubellis
616 1043 783 1085 discum
808 1043 1082 1097 aequantibus
1108 1042 1319 1095 femineis,
1343 1043 1446 1085 tubo
1471 1043 1627 1085 florum
1651 1043 1774 1085 valde

79 1114 343 1156 compresso,
370 1101 560 1145 acheniis
603 1102 785 1143 laevibus
825 1102 1027 1144 ecostatis
1067 1101 1162 1144 basi
1204 1101 1439 1143 attenuatis
1480 1101 1774 1144 exterioribus

78 1164 201 1205 acute
217 1161 401 1215 trigonis
420 1160 702 1203 interioribus
722 1160 1018 1203 teretiusculis
1036 1160 1238 1202 omnibus
1254 1173 1273 1200 a
1281 1161 1373 1213 pice
1389 1160 1600 1202 truncatis
1617 1162 1775 1202 coron-<i

79 1220 341 1263 brevissima
361 1220 403 1261 in
429 1220 504 1261 3-4
529 1218 649 1261 lobes
677 1222 826 1261 acutos
852 1219 1011 1273 partita
1034 1219 1253 1273 superatis
1281 1224 1345 1269 Θ.

125 1295 225 1330 Hah.
246 1295 286 1330 in
305 1296 480 1330 arenosis
495 1294 702 1330 maritimis
717 1294 926 1330 Palestinae
945 1295 994 1330 ad
1009 1294 1175 1341 Joppem
1190 1294 1280 1340 (ΚΥ.
1296 1294 1382 1331 651!
1397 1294 1472 1330 sub
1491 1294 1538 1329 A.
1554 1294 1776 1341 indm-atti),

78 1341 202 1389 Syriae
220 1343 270 1378 ad
287 1341 473 1377 Sidonem
493 1341 578 1386 (ΒΗ
600 1342 754 1387 Gailll).

120 1397 260 1434 caules
277 1397 580 1444 4-6-pollicares,
599 1398 692 1433 folia
710 1399 963 1443 subcarnosa,
976 1399 1125 1444 majora
1146 1398 1329 1444 pollicem
1348 1398 1468 1442 longa
1486 1398 1595 1444 apice
1613 1399 1677 1434 6-7
1697 1399 1768 1434 lin.

76 1444 169 1489 lata,
187 1444 358 1499 capitula
376 1455 504 1490 magr.
523 1446 570 1480 Α.
592 1443 782 1491 ‹zrve-nsz's,
812 1446 975 1481 achenia
1007 1448 1170 1481 minuta.
1203 1445 1265 1481 Ab
1294 1445 1341 1481 A.
1361 1443 1554 1482 indurata*
1573 1446 1676 1481 foliis
1696 1447 1774 1481 dis-

74 1491 318 1528 tinctismma.

133 1609 202 1650 5⁰2.
236 1607 298 1652 Δ.
325 1618 542 1651 carnea
563 1607 724 1662 (Boiss.
748 1608 898 1661 Diagn.
919 1607 1012 1649 Ser.
1033 1607 1062 1658 I,
1082 1609 1122 1660 4,
1140 1621 1180 1661 p.
1202 1608 1247 1655 4)
1266 1608 1476 1660 adpresse
1497 1606 1770 1659 pubescenti-

74 1668 229 1722 grisea‚
256 1667 451 1709 caulibus
475 1666 598 1709 nanis
626 1667 831 1709 solitariis
862 1667 926 1708 vel
956 1678 977 1708 e
994 1667 1100 1709 collo
1130 1666 1330 1718 pluribus
1353 1665 1508 1708 crectis
1536 1668 1577 1707 et
1601 1664 1771 1706 diffusis

74 1725 342 1779 simplicibus
370 1725 439 1767 vel
479 1737 604 1778 parce
642 1725 840 1777 ramosis,
866 1726 976 1767 foliis
1014 1726 1161 1778 parvis
1199 1725 1362 1767 ambitu
1400 1724 1591 1765 breviter
1629 1724 1769 1765 ovatis

73 1784 285 1840 petiolatis
318 1785 362 1826 in
388 1784 564 1827 lacinias
601 1785 792 1826 minutas
819 1785 1033 1826 confertas
1070 1784 1276 1837 oblongas
1316 1787 1462 1825 acutas
1493 1786 1769 1824 mucronatas

72 1843 432 1898 hipinnatisectis,
454 1843 713 1898 pedunculis
734 1844 853 1896 apice
881 1844 1055 1885 deinum
1080 1843 1346 1894 incrassatis,
1372 1842 1584 1883 involucri
1610 1841 1769 1895 phyllis

73 1902 280 1957 adpresse
317 1902 501 1945 hirsutis
535 1902 708 1957 pallidis
741 1903 971 1945 latiuscule
1008 1902 1212 1944 scariosis
1248 1906 1383 1944 exter.
1427 1899 1768 1951 triangularibus

73 1960 352 2004 acutiusculis
375 1961 661 2004 interioribus
700 1961 895 2015 oblongis
927 1961 1109 2010 obtusis,
1149 1960 1410 2014 receptaculi
1447 1958 1765 2011 henusphaerici

71 2020 207 2074 palcis
227 2019 572 2073 ovato—oblongis
594 2019 745 2069 acutis,
767 2021 909 2074 ligulis
930 2020 1091 2062 sub-12
1116 2020 1286 2062 carneis
1312 2019 1377 2061 vel
1404 2018 1542 2060 roseis
1565 2017 1768 2070 oblongo-

70 2079 271 2133 cllipticis
309 2078 429 2121 radio
471 2079 725 2134 aequilongis
760 2080 798 2120 el
841 2079 1106 2132 longioribus
1134 2078 1331 2120 femineis
1360 2076 1641 2129 ssosculisuue
1678 2075 1766 2118 basi

72 2137 195 2180 valde
230 2139 643 2192 compresso-alatis,
677 2138 868 2180 acheniis
895 2138 1102 2180 tenuibus
1142 2138 1307 2179 strialis
1344 2134 1768 2189 angulato-subcom·

73 2196 237 2250 pressis
269 2197 362 2240 basi
393 2197 715 2240 subattenuatis
742 2197 950 2239 coronula
974 2197 1097 2238 brevi
1123 2196 1387 2238 denticulata
1413 2194 1653 2247 subaequali
1680 2196 1766 2236 ter-

70 2255 242 2298 minatis
269 2260 335 2306 Θ.

114 2321 213 2376 Hab.
231 2322 272 2357 in
286 2322 404 2358 Caria
423 2323 632 2367 (Pinardl),
651 2323 804 2358 saxosis
821 2322 1070 2369 Pamphyliae
1088 2321 1138 2356 ad
1157 2320 1295 2356 Adalia
1313 2319 1498 2364 (Heldr!).

115 2385 256 2421 Planta
280 2385 576 2432 3-4-pollicaris,
605 2386 700 2422 folia
721 2397 810 2422 cum
841 2385 986 2432 petiolo
1016 2385 1083 2420 vix
1115 2385 1212 2420 semi
1244 2384 1396 2418 ollicem
1426 2382 1560 2427 longa.
1588 2382 1763 2428 capitula

69 2441 202 2486 Jnagn.
236 2432 284 2469 A.
303 2434 480 2473 aroensis
503 2434 567 2469 vel
597 2434 760 2468 minora.
793 2433 819 2468 S
850 2433 948 2468 ecies
974 2432 1137 2478 pulchra
1166 2442 1214 2485 pa
1234 2431 1292 2465 eis
1316 2430 1406 2465 latis
1433 2431 1501 2464 vix
1528 2430 1767 2483 mucronatis

68 2480 248 2525 msignis,
268 2479 320 2515 ab
340 2478 513 2517 Arest-d
528 2480 652 2516 Sibth.
670 2480 796 2516 torma
828 2480 995 2515 oliorum
1015 2482 1053 2515 et
1072 2478 1204 2525 ligulis
1223 2477 1344 2524 duplo
1362 2476 1699 2512 numerosioribus
1721 2480 1764 2511 ut

70 2525 222 2562 videtur
239 2527 434 2563 distincta.

128 2640 196 2682 53.
233 2640 295 2684 A.
328 2652 503 2684 rosea
534 2640 691 2696 (Sibth.
717 2645 760 2684 et
784 2641 872 2683 Sin.
894 2641 956 2683 Fi.
985 2640 1060 2683 Gr.
1083 2639 1160 2690 IX,
1193 2654 1234 2695 p.
1264 2640 1335 2692 67,
1361 2640 1446 2682 tab.
1470 2637 1576 2692 887)
1604 2638 1765 2692 pubes-

71 2699 345 2753 centi-grisea
368 2713 392 2742 a
408 2699 499 2743 basi
522 2712 692 2742 ramosa
709 2700 872 2754 pumila
895 2700 1028 2742 ramis
1046 2699 1253 2741 tenuibus
1276 2698 1435 2741 erectis
1459 2701 1502 2740 et
1527 2696 1765 2739 ascenden-

69 2757 199 2810 tibus,
234 2758 349 2801 foliis
373 2759 522 2811 parvis
549 2758 713 2801 ambitu
739 2759 934 2812 oblongis
967 2759 1011 2800 in
1040 2760 1263 2811 segmenta
1288 2769 1419 2810 pauca
1449 2755 1600 2798 brevia
1624 2754 1762 2797 lobata

70 2816 137 2858 vel
181 2817 340 2870 partita
377 2817 678 2870 pinnatisectis
721 2818 918 2860 lacinulis
959 2817 1153 2859 breviter
1194 2816 1390 2869 oblongis
1434 2813 1762 2865 mucronulatis,

70 2875 324 2927 pedunculis
342 2875 481 2928 longis
503 2875 737 2929 gracilibus
761 2889 845 2919 non
862 2876 1131 2923 incrassatiS,
1148 2875 1349 2930 capitulis
1369 2874 1530 2928 parvis,
1548 2872 1763 2915 involucri

69 2931 168 2976 hirti
188 2934 345 2988 phyllis
364 2935 447 2977 late
462 2934 665 2978 scariosis
682 2935 974 2978 exterioribus
993 2935 1132 2977 ovatis
1150 2933 1462 2976 obtusiusculis
1479 2930 1764 2974 interioribus

70 2990 275 3046 oblongis,
307 2993 567 3047 receptaculi
603 2994 719 3037 ovati
756 2994 892 3047 paleis
926 2993 1122 3045 oblongis
1150 2992 1343 3034 breviter
1380 2992 1498 3046 apice
1526 2989 1762 3032 attenuatis
