2090 3291
288 234 361 270 450
1015 237 1266 263 composrrAE.
1816 226 1997 264 Carlma.

338 314 438 349 Hab.
457 314 498 348 in
517 312 676 357 regione
709 309 887 345 inferiori
920 309 1047 344 Cretae
1081 307 1242 351 (Bauli),
1260 309 1297 343 et
1315 308 1476 352 regione
1511 307 1724 354 subalpina
1759 309 1906 344 montis
1935 309 2006 344 Ida

288 359 520 397 med-600&
540 357 728 403 (Hadri),
746 357 870 402 Syriae
886 355 1074 391 littoralis
1095 356 1145 391 ad
1159 355 1309 390 radices
1330 354 1473 390 Libani
1491 354 1643 399 (Boissl
1659 354 1814 400 Gailll).

351 454 382 478 ε.
417 431 686 475 Libanotica.
734 454 792 461 —
841 429 1343 477 Araiieoso-canescenS‚
1391 428 1540 482 phyila
1581 431 1762 471 externa
1799 429 2004 483 oblongo-

290 493 524 595 liagieeolaga
538 491 707 533 radium
723 489 846 532 valde
860 487 1239 542 superantia—C.
1258 484 1516 528 Libanocica
1534 487 1672 530 Boiss.
1686 488 1837 540 Diagn.
1859 489 1950 530 Ser.
1970 489 2002 542 Ι,

357 586 367 603 ,
394 565 434 605 p
501 567 539 592 D·

338 625 439 661 Hah.
455 625 496 659 in
504 622 716 667 Caelesyrla
733 623 772 656 et
787 621 946 666 regione
962 621 1150 654 montana.
1159 618 1300 654 Libani
1320 618 1508 653 australis
1530 629 1652 665 prope
1663 619 1758 654 Deir
1770 619 2007 655 elKammar

290 673 470 717 (Boissl),
486 671 527 705 in
546 669 697 705 Libano
718 668 848 703 medio
865 668 965 702 circa
979 667 1137 701 Dimam
1155 669 1192 701 et
1208 665 1317 701 Eden
1333 665 1447 710 (ΒΗ),
1464 665 1564 701 circa
1579 665 1816 702 Damascum
1828 666 1951 711 (Gaill
1962 669 2001 711 ἔ),

291 719 406 765 Syria
425 717 571 753 boreali
592 716 641 751 ad
657 715 841 750 Marasch
861 712 1088 758 (Hausskl).

340 784 398 819 Ar.
419 782 550 827 Geogr.
578 779 747 826 Europae
766 779 873 824 regio
894 777 1184 812 Mediterranea
1203 776 1344 821 omnis,
1363 775 1493 811 Africa
1512 776 1696 812 borealis.

353 907 392 947 5.
427 904 484 949 C.
512 900 735 957 frigida
763 901 924 956 (Boiss.
949 905 991 944 et
1016 900 1166 942 Heldr.
1198 900 1349 952 Diagn.
1379 899 1471 943 Ser.
1499 899 1531 953 Ι,
1555 901 1594 951 6,
1620 915 1660 956 p.
1690 901 1808 956 109),
1835 902 2003 955 glaber-

293 965 404 1006 rima
430 962 582 1014 nitida,
608 961 804 1003 caulibus
833 960 966 1002 dense
995 959 1158 1002 foliosis
1182 960 1418 1012 congestim
1446 959 1716 1013 corymbosis
1751 962 2002 1017 2-6-cepha-

293 1024 347 1065 lis
374 1022 519 1065 rarius
543 1019 881 1072 monoceplialis,
911 1018 1022 1060 foliis
1048 1021 1231 1070 anguste
1272 1016 1705 1062 lineari-lanceolatis
1733 1021 2003 1076 pinnatipar-

292 1082 383 1124 titis
426 1079 662 1134 segmentis
698 1078 865 1121 crebris
910 1076 1340 1120 lineari-lanceolatis
1377 1078 1421 1119 in
1462 1077 1612 1131 spinas
1650 1079 1801 1132 longas
1844 1083 2002 1123 tenues

292 1140 540 1192 attenuatis,
568 1137 768 1192 capitulis
804 1136 1071 1191 majusculis.v
1112 1136 1328 1178 involucri
1367 1136 1527 1190 phyllis
1571 1139 1766 1180 externis
1808 1138 2000 1182 foliaceis

293 1199 445 1253 rigidis
472 1201 654 1251 anguste
673 1196 911 1238 linearibus
940 1195 1152 1253 pinnatim
1172 1197 1214 1235 et
1235 1193 1429 1237 tenuiter
1448 1195 1640 1248 spinosis
1666 1197 1786 1250 apice
1811 1199 2002 1241 aceresis

292 1259 465 1301 radium
492 1257 624 1310 duplo
660 1255 985 1308 superantibus,
1013 1254 1288 1296 intermediis
1317 1255 1543 1296 araneosis
1571 1254 1999 1299 lineari-lanceolatis

294 1316 537 1359 inermibus
562 1315 682 1368 apice
704 1314 853 1356 rubris
874 1314 915 1355 in
944 1314 1112 1366 spinam
1142 1316 1319 1354 tenuem
1337 1313 1616 1359 abeuntibus.
1640 1314 1806 1358 intimis
1828 1315 2003 1357 radian-

292 1376 412 1419 tibus
436 1374 687 1418 stramineis
715 1373 952 1415 linearibus
975 1372 1114 1415 acutis
1131 1371 1185 1413 ad
1210 1372 1401 1414 medium
1418 1384 1559 1426 usque
1583 1374 1752 1424 efflatis,
1778 1375 2003 1428 palearum

292 1435 418 1477 fibris
442 1433 658 1477 suliulatis
684 1432 751 1487 Θ.

340 1508 441 1543 Hab.
474 1508 514 1542 in
542 1506 699 1552 regione
737 1505 773 1540 al
806 1505 872 1540 ina
897 1505 1064 1550 Taygeti
1083 1507 1122 1540 et
1140 1504 1330 1550 Kyllenes
1347 1504 1796 1551 3000‘-4500'(He1dr!),
1816 1506 2003 1543 Parnassi

290 1555 447 1600 (Guiccl
463 1554 595 1590 Heldr.
615 1552 734 1588 Herb.
794 1563 890 1587 orm.
909 1554 1029 1597 5168).

338 1618 490 1654 Pallide
511 1617 655 1659 virens,
674 1615 860 1650 elevatim
882 1618 919 1651 et
936 1615 1173 1651 reticulatim
1199 1626 1380 1659 nervosa,
1402 1616 1498 1651 folia
1526 1616 1693 1651 tenuiter
1708 1619 1746 1652 et
1763 1617 1999 1653 creberrime

289 1665 452 1712 spinosa
468 1663 626 1700 rachide
644 1663 733 1707 lata,
748 1663 884 1698 infima
902 1664 940 1698 in
957 1663 1148 1710 petiolum
1165 1662 1325 1710 planum
1342 1663 1592 1710 spinulosum
1604 1663 1765 1699 brevem
1783 1665 1998 1709 attenuata,

290 1715 430 1749 caetera
448 1712 616 1748 sessilia.
649 1712 681 1745 A
703 1711 838 1745 formis
859 1710 894 1746 C.
916 1709 1156 1756 corymbosw
1174 1710 1368 1756 glabritie,
1392 1710 1499 1745 foliis
1510 1710 1691 1755 angustls
1709 1711 1900 1757 profunde
1919 1711 1997 1747 dis-

290 1761 417 1805 sectis,
436 1760 547 1795 radio
566 1757 713 1805 pallide
728 1760 953 1800 sti-amineo,
973 1758 1174 1804 palearum
1190 1758 1300 1793 fibris
1320 1768 1399 1793 non
1418 1758 1660 1801 incrassatiS‚
1677 1758 1852 1794 statione
1867 1759 2003 1805 alpina

291 1807 506 1843 discedens.

353 1934 392 1975 6.
429 1933 485 1975 C.
525 1930 940 1986 oliqocephala
974 1930 1152 1985 (Boiss.
1198 1933 1239 1972 et
1274 1931 1353 1983 Ky.
1382 1929 1534 1981 Diagn.
1569 1928 1662 1971 Ser.
1703 1930 1751 1980 ΙΙ,
1783 1931 1822 1982 3,
1854 1944 1893 1984 p.
1921 1932 1998 1987 51)

291 1993 502 2047 adpresse
527 2002 1009 2038 araneoso-canescens,
1036 1990 1159 2032 caule
1183 1993 1328 2032 erecto
1353 1988 1503 2031 solioso
1526 1989 1673 2031 rarius
1689 1991 1998 2044 monocephalo

292 2051 455 2106 saepius
484 2049 739 2103 corymbose
779 2049 1069 2102 3-3-ceplialo‚
1105 2049 1217 2091 foliis
1255 2047 1537 2090 inferioribus
1574 2048 2001 2093 lineari-lanceolalis

290 2109 633 2165 pinnatipartitis
656 2108 831 2151 rachide
848 2109 932 2150 lata
951 2109 1189 2160 segmentis
1208 2110 1390 2160 anguste
1407 2107 1654 2149 lanceolatis
1676 2108 1879 2161 spinosis,
1898 2120 1998 2151 cau-

292 2170 391 2212 linis
420 2168 649 2212 sessilibus
678 2168 848 2221 plicatis
878 2167 1126 2210 lanceolatis
1155 2166 1560 2222 spinoso-dentatis,
1599 2165 1798 2218 capituHs
1833 2168 1996 2210 medio-

291 2229 454 2282 cribus,
477 2227 695 2271 involucri
730 2226 891 2282 phyllis
918 2226 1114 2270 externis
1145 2227 1255 2269 soliis
1294 2225 1513 2279 supremis
1541 2224 1758 2267 similibus
1791 2227 1998 2269 coriaceis

290 2288 539 2330 lanceolatis
563 2286 733 2341 plicatis
761 2289 926 2328 remote
951 2285 1143 2338 spinosis
1185 2285 1376 2327 acerosis
1401 2284 1523 2326 radio
1558 2284 1998 2338 sesquilongioribus‚

289 2347 563 2390 intermediis
586 2345 742 2388 lanatis
765 2346 960 2398 margine
983 2344 1227 2387 inermibus
1256 2344 1376 2397 apice
1401 2343 1607 2396 spinosis,
1632 2343 1794 2384 intimis
1826 2344 1998 2387 radian-

288 2406 407 2449 tibus
434 2404 637 2448 scariosis
673 2404 923 2447 Stramineis
958 2403 1200 2446 linearibus
1236 2403 1375 2444 acutis
1412 2404 1502 2444 tola
1537 2401 1805 2453 longitudine
1841 2403 1997 2445 ciliatis

288 2466 409 2520 apice
436 2463 698 2514 lanceolatis‚
720 2464 980 2516 receptaculi
1004 2462 1127 2504 ssbris
1151 2461 1389 2517 majoribus
1411 2472 1604 2515 superne
1631 2460 1817 2504 dilatatis
1842 2462 1998 2504 acutis-

289 2525 429 2577 simis,
454 2536 595 2578 pappo
622 2522 801 2565 acllenio
827 2523 959 2576 duplo
985 2522 1179 2574 longiore
1202 2521 1270 2576 Θ.

336 2598 438 2633 Hab.
472 2599 513 2633 in
534 2596 638 2633 valle
657 2597 838 2642 Gusguta
866 2596 984 2632 Tauri
1016 2595 1165 2630 Cilicici
1192 2594 1299 2630 5500’
1329 2594 1419 2640 (Ky.
1439 2593 1555 2637 2811),
1588 2594 1627 2628 in
1649 2593 1852 2628 montibus
1879 2604 2002 2640 snpra

289 2645 485 2680 Ermenek
509 2645 648 2689 (Peri),
681 2645 721 2679 in
759 2644 1012 2690 Cappadocia
1050 2644 1151 2678 circa
1181 2642 1407 2677 Caesaream
1444 2640 1549 2677 3600’
1584 2639 1721 2686 (Ball),
1755 2642 1941 2676 Armenia
1958 2642 1999 2676 in

288 2693 448 2728 incultis
468 2692 518 2727 ad
537 2692 683 2727 Baibut
702 2691 851 2736 (Boni-g
865 2694 902 2736 l),
921 2693 1053 2726 monte
1073 2688 1404 2735 Keehkischdagh
1422 2698 1543 2735 prope
1575 2687 1703 2723 Tokat
1722 2688 1850 2732 (Wied
1866 2690 1902 2733 l).

347 2765 391 2819 β.
419 2763 750 2817 microcephala.
779 2789 828 2794 —-
861 2762 1057 2818 Capitula
1083 2763 1255 2805 minora
1282 2761 1417 2814 magis
1435 2760 1712 2812 condensata,
1742 2760 1840 2803 solia
1864 2772 1997 2815 supe-

287 2825 403 2867 riora
431 2829 474 2867 et
508 2824 655 2879 phylla
683 2827 860 2866 externa
889 2822 1130 2866 sublatiora
1153 2825 1195 2865 et
1222 2821 1358 2876 magis
1391 2819 1654 2863 abbreviata.
1682 2843 1738 2850 --
1765 2820 1806 2862 C.
1825 2818 1999 2872 foliosa

286 2883 427 2926 Boiss.
450 2886 493 2927 et
521 2883 704 2926 Haussk.
732 2882 833 2924 Mss.
1308 2891 1313 2896 ·

283 2959 435 3045 ίΗΗᾏῘ).
442 2969 506 3051 15¹)
526 2959 640 3004 Syria
666 2957 814 2993 boreali
849 2958 948 2993 eirca
983 2956 1175 3001 Marasch,
1194 2955 1384 2999 Behesne,
1403 2956 1441 2990 et
1461 2953 1503 2988 in
1536 2954 1668 2989 monte
1701 2951 1996 2998 Gorkumdagh

347 3018 440 3042 auss
480 3035 486 3042 .
511 3035 517 3041 .
