2090 3291
255 199 327 236 588
983 207 1234 234 composrrae..
1731 197 1972 236 Ser-rotula..

258 281 609 393 {elsguiljonffigre
637 281 856 335 superatis
894 287 951 329 36.
983 278 1232 324 Centaurea
1260 281 1546 325 strictissima
1579 282 1717 325 Boiss.
1741 284 1785 323 et
1819 281 1978 325 Buhse

303 412 405 447 Hab.
427 413 468 447 in
498 411 690 458 lapidosis
717 412 834 448 vallis
864 411 1120 448 Koschadara
1149 423 1259 459 prov.
1287 413 1620 450 Nackitschewan
1645 413 1844 449 Armeniae
1871 412 1966 449 Ros·

256 459 347 494 sicae
375 458 538 502 (Szovll,
564 459 603 494 in
634 459 768 495 Persia
794 459 936 503 (Auch.
965 459 1104 505 3202!)‚
1129 460 1169 496 in
1200 460 1402 497 montibus
1432 461 1534 498 inter
1559 460 1724 497 Kaswin
1756 463 1795 496 et
1823 459 1967 496 Rescht

255 505 438 550 (Haussk
450 507 489 550 1),
511 505 722 552 Karadagh
742 506 894 551 (Buhse
905 508 946 551 l).

302 570 444 623 Planta
460 569 710 623 3-4-pedalis,
726 570 994 624 577-cepbala3
1006 570 1101 606 folia
1118 571 1305 607 inferiora
1326 571 1405 607 fere
1424 571 1578 618 pedalia
1595 572 1619 608 3
1634 571 1729 618 poll.
1750 570 1843 616 lata,
1863 571 1966 624 oapi-

257 616 665 701 fauslssggsdffi'bffigfatae
682 627 842 663 majora,
858 617 1066 653 achenlum
1085 618 1108 654 2
1132 619 1170 662 *la
1189 617 1257 654 lin.
1277 618 1454 665 longum,
1470 618 1724 655 flosculorum
1742 617 1848 654 color
1867 617 1965 654 mihi

317 780 356 821 8.
384 777 435 821 S.
470 775 772 832 Sogdiana
797 776 907 832 (Bge
930 777 992 819 Pl.
1012 777 1162 821 Lehm.
1182 790 1223 831 p.
1243 777 1348 833 367)
1374 777 1687 831 scabriuscula,
1710 777 1832 832 caule
1855 778 1979 821 elato-

257 837 460 891 angulato
486 837 636 879 stricte
663 848 835 880 ramoso
863 836 996 879 ramis
1023 836 1235 890 elongatis
1262 836 1440 890 foliosis,
1470 837 1580 881 soliis
1607 836 1791 880 caulinis
1818 836 1979 881 oblon-⁴

257 898 322 950 gis
360 898 404 939 in
448 895 658 950 petiolum
700 895 791 938 basi
833 895 1171 938 biauriculatum
1215 896 1450 939 attenuatis
1495 896 1547 939 ad
1594 895 1782 938 medium
1828 908 1979 949 usque·

256 954 619 1005 inciso-dentatis,
641 954 754 997 foliis
787 954 1051 997 ramealibus
1076 953 1260 1007 integris
1288 954 1725 1009 lineari-spathulatis
1753 955 1968 1008 cartilagi-

258 1013 618 1067 neo-marginatis
645 1016 689 1055 et
716 1013 882 1056 scabris
910 1014 1029 1068 apice
1056 1013 1612 1068 cartilaginea-cuspidatiS.
1640 1014 1842 1068 capitulis
1869 1026 1969 1056 ova·

258 1074 327 1127 tis,
351 1072 567 1115 involucri
593 1072 752 1128 phyllis
787 1072 992 1114 coriaceis
1022 1072 1232 1126 adpresse
1256 1073 1496 1116 imbricatis
1524 1073 1576 1115 ab
1610 1073 1804 1116 externis
1828 1072 1979 1115 ovatis-

257 1136 300 1174 et
320 1132 477 1174 mediis
506 1131 756 1174 lanceolatis
778 1131 925 1186 patule
952 1134 995 1173 et
1018 1131 1214 1174 breviter
1237 1132 1506 1175 mucronatis
1530 1132 1584 1175 ad
1610 1132 1764 1175 intima
1786 1131 1967 1176 linearia

255 1191 498 1234 acuminata
523 1190 643 1244 apice
667 1190 854 1233 scariosa
882 1191 1108 1243 elongatis,
1135 1191 1331 1235 flosculis
1357 1193 1609 1245 purpureis,
1638 1191 1873 1234 acheniis...
1907 1196 1966 1238 26.

304 1265 407 1300 Hab.
427 1264 476 1300 ad
502 1264 658 1311 rupium
688 1264 856 1311 parietes
883 1265 1031 1300 montis
1050 1264 1221 1301 Karatau
1242 1264 1517 1301 Turkestaniae
1543 1266 1584 1300 in
1609 1264 1714 1301 valle
1731 1264 1967 1301 Sarafschan

256 1322 379 1359 prope
397 1311 630 1349 fortalitium
650 1311 732 1347 Fon
752 1310 934 1356 (Lehm.).
956 1312 1041 1347 Non
1063 1312 1156 1348 vidi.

304 1375 361 1410 Ex
389 1375 504 1427 unico
533 1374 744 1421 specimine
775 1373 1012 1420 incompleto
1031 1374 1236 1423 descripta,
1255 1375 1350 1412 folia
1375 1376 1558 1412 inferiora
1579 1375 1846 1431 tripollicaria,
1865 1376 1968 1423 capi-

256 1421 384 1457 tulum
403 1421 449 1456 10
467 1421 590 1457 lineas
609 1421 784 1467 longum.
803 1421 862 1456 Ex
881 1422 992 1457 amic.
1012 1424 1169 1459 auctore
1190 1422 1220 1460 S
1252 1423 1442 1460 eorz'aceoe
1460 1423 1589 1459 affinis
1608 1423 1728 1459 dicta.

319 1546 356 1587 9.
392 1543 442 1588 S.
477 1543 715 1589 radiata
748 1545 876 1600 (M.B.
904 1546 1031 1589 Taur.
1057 1545 1181 1590 Cauc.
1211 1547 1286 1597 111,
1312 1561 1352 1602 p.
1379 1546 1485 1603 545)
1521 1547 1967 1602 pubescenti-scabra,

260 1604 458 1647 caulibus
488 1604 667 1658 virgatis
695 1604 965 1658 simplicibus
993 1606 1058 1648 vel
1082 1618 1213 1661 parce
1235 1610 1277 1650 et
1300 1608 1451 1650 stricte
1476 1607 1662 1650 ramosis
1686 1607 1821 1650 ramis
1849 1608 1968 1650 elon-

257 1663 378 1718 gatis
390 1663 727 1717 monocephalis,
753 1664 866 1707 foliis
896 1664 938 1705 in
967 1665 1145 1708 lacinias
1169 1666 1319 1718 longas
1354 1666 1795 1709 lineari-lanceolatas
1819 1669 1968 1709 acutas

258 1723 451 1776 integras
477 1723 543 1765 vel
565 1734 694 1777 parce
718 1723 914 1766 dentatas
940 1724 1297 1779 pinnatipartitis‚
1318 1725 1480 1768 rameis
1508 1725 1655 1779 paucis
1684 1726 1833 1779 parvis
1857 1726 1966 1769 inte-

257 1781 361 1836 griS‚
385 1782 586 1837 capitulis
611 1781 905 1825 mediocribus
932 1783 1222 1837 subglobosis‚
1245 1784 1463 1828 involucri
1486 1785 1625 1838 glabri
1649 1782 1811 1838 phyllis
1831 1785 1968 1827 coria-

257 1840 344 1884 ceis
380 1841 730 1895 adpressissimis
761 1842 911 1897 parvis
949 1842 1120 1897 spinula
1150 1843 1423 1896 longiuscula
1454 1843 1686 1898 subpatula
1720 1843 1968 1886 terminatis

256 1901 309 1943 ab
329 1900 492 1943 infimis
515 1900 859 1954 triangularibus
885 1902 939 1944 ad
965 1902 1118 1945 intima
1144 1902 1270 1956 longe
1294 1903 1473 1947 linearia
1497 1903 1618 1958 apice
1646 1901 1805 1946 mutica
1831 1914 1968 1945 mem-

256 1959 469 2002 branacea
491 1959 920 2003 denticulato-lacera
943 1961 1169 2015 elongatis,
1197 1961 1392 2005 flosculis
1426 1962 1582 2014 roseis,
1608 1973 1750 2017 pappo
1775 1962 1847 2004 vix
1875 1973 1967 2004 sca-

256 2017 380 2060 brido
404 2019 582 2062 achenio
606 2018 705 2061 laevi
732 2019 1060 2074 subaequilongo
1095 2026 1154 2068 26.
1184 2020 1238 2064 Ic.
1266 2020 1401 2064 Rchb.
1431 2021 1516 2065 tab.
1547 2022 1614 2063 72.
1642 2045 1694 2051 -
1720 2020 1761 2063 S.
1791 2022 1966 2062 centau-

255 2076 402 2119 roides
425 2078 531 2120 M.B.
553 2077 610 2130 Π,
635 2078 721 2120 264
740 2090 827 2121 non
855 2078 902 2120 L.
929 2102 978 2111 --
1006 2079 1210 2122 Carduus
1232 2078 1437 2123 radiatus
1465 2080 1550 2123 Kit.
1580 2081 1638 2136 pl.
1665 2092 1752 2123 rar.
1778 2079 1864 2122 tab.
1894 2081 1960 2122 11.

302 2151 403 2187 Hab.
424 2152 462 2187 in
485 2151 690 2198 sylvaticis
709 2152 820 2189 siccis
840 2153 1014 2199 regionis
1032 2155 1231 2190 montanae
1250 2154 1415 2190 Caucasi
1433 2157 1533 2202 sept.
1553 2153 1686 2199 (MR,
1705 2154 1798 2190 CA.
1817 2153 1962 2200 Mey!)‚

254 2198 392 2235 Iberiae
408 2198 631 2235 Caucasieae
652 2202 689 2236 et
706 2210 817 2246 prov.
836 2200 1010 2236 Talusch
1032 2200 1237 2245 (Hohenl).

301 2263 336 2298 A
348 2262 387 2315 S.
404 2263 657 2299 centauroide
681 2262 721 2299 L.
737 2263 901 2300 Sibirica
919 2263 1024 2300 foliis
1036 2264 1270 2312 profundius
1282 2265 1461 2302 dissectis
1481 2268 1519 2301 et
1534 2264 1765 2315 phyllorum
1779 2263 1974 2300 mucrone·

258 2308 428 2356 longiori
446 2310 515 2346 vix
534 2310 730 2346 distincta.

301 2372 363 2410 Ar.
383 2373 518 2419 Geoqr.
547 2373 762 2409 Germania
791 2374 1159 2419 austro—orientalis,
1178 2375 1391 2421 Dalmatia,
1411 2376 1519 2422 regio
1545 2374 1794 2421 Danubialis,
1814 2374 1972 2420 Serbia,

255 2419 395 2457 Bossia
416 2420 614 2465 australis,
633 2420 776 2457 Sibiria
795 2421 1013 2458 Uralensis.

318 2545 383 2587 10.
417 2544 468 2588 S.
493 2545 912 2602 heterophylla
945 2546 1085 2599 (Desf.
1115 2546 1202 2590 Cat.
1228 2547 1279 2589 H.
1314 2546 1410 2590 Par.
1450 2548 1577 2600 1804,
1601 2559 1641 2601 p.
1671 2545 1748 2601 93)
1769 2545 1974 2589 breviter·

253 2606 296 2646 et
320 2615 450 2658 parce
475 2604 1022 2660 papilloso·scabriuscnla,
1046 2606 1169 2649 caule
1186 2606 1353 2660 virgato
1375 2606 1487 2649 elato
1505 2604 1829 2659 monocephalo,
1846 2604 1961 2647 soliis

252 2662 535 2706 inferioribus
560 2664 778 2718 petiolatis
804 2664 943 2707 ovatis
970 2676 1122 2719 grosse
1155 2664 1343 2708 dentatis
1374 2665 1587 2709 Iobatisve
1612 2664 1681 2707 vel
1708 2666 1831 2718 parte
1856 2663 1968 2705 infe-

251 2721 359 2764 riori
377 2722 647 2775 pinnatifidis
670 2723 926 2778 sublyratis‚
944 2724 1058 2767 foliis
1082 2724 1267 2767 summis
1286 2723 1561 2779 paucissimis
1575 2722 1757 2767 minutis
1777 2725 1970 2777 anguste

252 2780 509 2832 linearibus,
525 2782 711 2835 capitulo
735 2782 943 2826 mediocri
961 2783 1239 2837 subgloboso,
1253 2782 1468 2826 involucri
1486 2782 1624 2837 glabri
1641 2782 1802 2837 phyllis
1820 2781 1964 2824 coria-

252 2839 339 2882 ceis
380 2839 733 2894 adpressissimis
776 2841 819 2884 in
861 2853 1115 2885 mucronem
1145 2841 1326 2885 brevem
1362 2841 1685 2896 spinescentem
1723 2839 1960 2883 attenuatis

252 2899 747 2953 ovalo-iriangularibus
774 2900 1165 2944 brunneo-striatis
1187 2900 1353 2944 intimis
1376 2900 1587 2954 elongatis
1616 2898 1968 2943 lineari-lanceo-

253 2955 352 2999 latis
377 2957 498 3011 apice
520 2958 866 3003 membranaceis
889 2959 1162 3013 acuminatis,
1189 2959 1383 3003 flosculis
1404 2960 1559 3013 roseiS,
1583 2958 1796 3002 acheniis.
1814 2988 1824 2999 .
1845 2991 1854 3000 .
1898 2963 1965 3006 36.
