2090 3291
288 243 362 280 418
1018 243 1267 271 oomrosrrAE.
1753 237 1993 276 Calendu'la.

319 335 389 360 am
405 323 552 358 Cosson
571 331 618 356 ex
636 318 828 365 Hispania
846 319 885 352 et
901 315 1028 352 Africa
1053 314 1204 351 boreali
1221 314 1261 349 in
1279 317 1358 360 qua
1371 315 1540 350 achenia
1554 316 1750 351 exteriora
1763 318 1998 355 membrana

306 374 372 406 ata
388 379 544 416 quoque
561 368 629 403 sed
649 366 874 410 subintegra
895 363 1117 408 marginata
1135 364 1228 397 sunt
1243 362 1369 397 refert.
1388 361 1540 397 Omnes
1555 373 1623 415 eas
1636 363 1786 399 formas
1803 367 1842 400 et
1858 364 1997 402 Calen-

287 417 426 454 dulam
447 414 704 451 Crista-Galli
734 412 815 446 Viv.
837 411 917 446 Lib.
936 410 986 445 cl.
1016 409 1171 445 Cosson
1200 409 1276 444 sub
1303 407 1343 444 C.
1370 407 1532 445 stellata*
1560 420 1601 444 ln
1632 410 1795 446 unicam
1823 413 1994 459 speciem

286 463 498 509 conjungit.

347 587 386 627 5.
420 583 476 626 C.
511 581 789 624 arvensis
822 578 888 634 (L.
917 577 988 631 Sp.
1019 576 1151 632 1303)
1185 590 1329 619 annua
1356 575 1617 631 pubescens,
1646 579 1847 622 caulibus
1873 592 1994 624 erec-

285 645 340 687 tis
376 642 446 684 vel
469 639 839 689 decumbentibus,
877 637 991 679 foliis
1033 636 1495 688 oblongo-lanceolatis
1537 636 1815 680 subdentatis
1853 640 1993 683 acutis

286 701 448 745 infimis
477 700 521 741 in
554 699 761 752 petiolum
791 697 1026 740 attenuatis
1059 694 1365 749 superioribus
1391 696 1991 749 semiamplexicauli-decur-

284 760 498 811 rentibus,
521 757 720 811 capitulis
739 754 1043 807 mediocribus,
1067 753 1212 807 ligulis
1235 754 1490 807 sulphureis
1514 754 1743 797 involucro
1769 755 1991 812 subduplo

283 817 551 872 longioribus
588 816 680 858 basi
715 816 840 868 longe
874 813 1016 865 hirtis,
1052 813 1170 856 disco
1199 813 1439 866 concolore,
1465 813 1661 856 acheniis
1687 815 1990 858 exterioribus

283 880 413 921 dorso
460 875 665 918 aculeatis
711 873 913 916 rostratis
955 872 1183 915 involucro
1223 872 1373 926 sesqui
1411 873 1482 915 vel
1523 873 1660 926 duplo
1700 874 1989 927 longioribus,

280 934 554 979 intermediis
574 931 1031 986 cymbiformi-inssatis
1047 931 1301 985 intimisque
1323 931 1543 973 annulatis
1564 932 1695 975 dorso
1719 934 1893 985 rugosis
1921 938 1987 984 G).

284 996 341 1039 Ic.
370 995 433 1037 Fl.
473 992 608 1035 Graec.
644 991 729 1034 tab.
764 992 862 1032 920.
895 1015 952 1019 —
994 992 1030 1032 G.
1060 989 1318 1042 Byzantina
1346 1002 1427 1032 n.c.
1454 990 1598 1033 Prodr
1638 991 1710 1041 VI,
1747 1005 1791 1046 p.
1822 993 1907 1034 453
1946 996 1990 1035 et

280 1054 406 1096 herbl
445 1051 684 1107 (specimen
722 1051 972 1092 autumnale
996 1049 1251 1090 induratum
1288 1061 1369 1092 nec
1396 1049 1744 1101 suffruticosum,
1778 1055 1987 1094 caeterum

282 1126 307 1156 a
347 1116 449 1166 typo
485 1110 607 1153 nullo
644 1110 770 1152 modo
808 1107 1112 1162 distinctum).
1156 1131 1208 1138 —
1242 1107 1286 1151 C.
1315 1107 1569 1150 micrantlza
1607 1109 1741 1152 Tineo
1776 1113 1820 1152 et
1853 1109 1986 1153 Guss.

281 1171 384 1225 Syn.
413 1170 495 1213 Sic.
518 1169 573 1222 II,
599 1182 639 1223 p.
663 1170 762 1210 874.

327 1244 429 1279 Hab.
443 1244 483 1278 in
497 1243 611 1279 cultis
625 1242 745 1277 totius
759 1241 920 1276 ditionis
934 1252 958 1276 a.
972 1241 1145 1276 Graecie!
1161 1240 1411 1276 Macedonia!
1427 1241 1613 1277 Anatolia
1630 1241 1782 1277 boreali
1797 1242 1987 1289 (Tchihl),

281 1291 331 1327 ad
350 1291 503 1326 Cretam
522 1289 638 1332 (Raul
650 1290 686 1333 li,
705 1288 860 1334 Syriam
878 1288 1089 1324 littoralem
1108 1292 1145 1323 et
1158 1287 1401 1323 Palestinam
1420 1287 1485 1332 (Bl
1499 1290 1506 1322 !
1521 1288 1633 1323 Gaill
1646 1291 1684 1332 l),
1702 1289 1878 1324 Persiam
1894 1292 1985 1327 aus'-

282 1338 419 1374 tralem
436 1336 665 1382 (Hausskl).
689 1336 747 1370 Ex
765 1335 948 1371 Anatolia
964 1335 1215 1371 meridionali
1235 1337 1273 1370 et
1292 1335 1453 1381 regione
1472 1334 1689 1372 Caucasica
1706 1346 1786 1372 non
1804 1336 1899 1372 vidi.

324 1411 384 1445 Ar.
414 1409 542 1453 Geoqr.
573 1408 726 1454 Europa
745 1409 826 1442 tota
855 1407 985 1442 media
1015 1411 1052 1442 et
1082 1406 1267 1442 australis
1286 1417 1309 1441 a
1330 1406 1468 1452 Belgio
1486 1410 1524 1442 et
1542 1407 1757 1443 Germania
1775 1408 1905 1444 media
1931 1408 1983 1444 ad

278 1456 459 1493 Rossiam
478 1455 659 1499 mediam,
679 1455 810 1490 Africa
830 1455 1010 1497 borealis,
1030 1454 1173 1489 insulae
1195 1454 1466 1490 Canarienses.

336 1580 374 1620 6.
409 1577 463 1620 C.
497 1577 724 1620 bicolor
755 1576 914 1624 (Rafin.
943 1577 1106 1620 Caract.
1148 1591 1188 1632 p.
1217 1578 1288 1619 82.
1322 1601 1382 1607 —-
1406 1575 1536 1620 Guss.
1578 1577 1682 1630 Syn.
1714 1578 1764 1629 ll,
1802 1591 1843 1632 p.
1873 1577 1982 1632 523)

274 1650 417 1680 annua
440 1638 649 1690 adpresse
679 1648 927 1689 canescens,
955 1637 1152 1679 caulibus
1180 1637 1586 1691 procumbentibus,
1613 1637 1726 1680 foliis
1753 1636 1982 1679 subdenti-

273 1696 426 1739 culatis
451 1696 611 1737 infimis
638 1695 1101 1750 oblongo-spathulatis
1129 1696 1444 1738 obtusiusculis
1473 1696 1517 1737 in
1547 1695 1755 1749 petiolum
1782 1699 1982 1738 attenua-

273 1755 327 1798 tis
378 1754 680 1809 superioribus
730 1755 1204 1808 oblongo-lanceolatis‘
1230 1755 1369 1797 acutis
1423 1754 1515 1797 basi
1569 1755 1979 1808 amplexicaulibus,

273 1814 472 1868 capitulis
498 1813 803 1865 mediocribus,
826 1813 971 1865 ligulis
998 1814 1262 1856 aurantiacis
1291 1813 1385 1856 basi
1422 1814 1826 1867 papilloso-villosis
1855 1814 1981 1855 invo-

271 1873 392 1915 lucro
419 1872 635 1926 subduplo
662 1872 945 1925 longioribus.
972 1873 1089 1915 disco
1116 1873 1420 1922 atrorubeute‚
1450 1872 1643 1915 acheniis
1662 1872 1977 1926 marginalibus

271 1931 401 1975 dorso
425 1932 831 1974 aculeato-cristatis
860 1932 1061 1974 rostratis
1085 1931 1311 1974 involucro
1337 1934 1487 1986 sesqui
1514 1932 1581 1974 vel
1611 1932 1744 1985 duplo
1773 1931 1979 1985 longiori-

269 1990 367 2044 bus,
394 1990 665 2032 intermediis
689 1990 1146 2044 cymbiformi-inflatis
1170 1991 1425 2044 intimisque
1450 1990 1671 2033 annulatis
1695 1991 1826 2034 dorso
1846 2003 1978 2044 rugo-

271 2049 332 2091 sis
359 2054 422 2099 Θ.
446 2048 490 2091 C.
516 2049 717 2090 arven-sis
740 2049 770 2102 β
798 2048 960 2091 bicolor
982 2064 1065 2093 nc.
1098 2050 1253 2092 Prodr.
1282 2050 1354 2103 VI,
1382 2064 1424 2105 p.
1452 2051 1552 2092 452.

316 2121 417 2157 Hab.
437 2123 537 2157 inter
553 2125 705 2167 segetes
720 2123 907 2167 Zacynthi
924 2123 1101 2169 (Margi),
1118 2124 1255 2158 Atticae
1271 2123 1418 2168 (Boissl
1434 2123 1579 2159 Heldr!
1598 2123 1718 2170 orph.
1736 2123 1767 2158 F
1769 2123 1793 2159 l.
1810 2124 1876 2159 Gr.
1892 2134 1975 2160 exs.

272 2168 389 2213 4741),
407 2169 567 2216 AEgypti
586 2180 706 2216 prope
729 2170 1011 2205 Alexandriam
1032 2170 1234 2215 (Samari).

313 2233 431 2268 Valde
452 2233 579 2268 affinis
597 2233 849 2269 acheniorum
868 2234 1015 2269 fabrica
1035 2233 1075 2270 C.
1097 2234 1258 2270 arvensz'
1271 2235 1383 2281 quus
1402 2235 1537 2270 forsan
1554 2234 1736 2270 varietas.

312 2297 373 2332 Ar.
396 2296 524 2342 Geoqr.
550 2296 693 2332 Sicilia.

324 2421 365 2462 7.
402 2420 458 2464 C.
493 2420 732 2463 Persica
767 2419 888 2475 (CA.
919 2421 1026 2474 Mey.
1061 2423 1218 2465 Enum.
1246 2436 1285 2476 p.
1316 2421 1390 2475 72)
1429 2434 1574 2464 annua
1600 2420 1973 2476 papilloso-visci-

266 2479 368 2521 dula
393 2480 500 2522 collo
529 2492 712 2530 ramosa,
738 2479 850 2522 foliis
875 2480 1330 2533 oblongo-lanceolatis
1356 2481 1496 2523 acutis
1529 2485 1697 2522 remote
1729 2479 1971 2522 denticula-

263 2538 332 2589 tis,
356 2537 555 2591 capitulis
577 2539 739 2591 parvis,
762 2539 905 2592 ligulis
929 2540 1053 2583 flavis
1080 2539 1172 2582 basi
1195 2541 1372 2584 hirtulis
1394 2540 1672 2582 involucrum
1695 2541 1822 2593 parte
1842 2538 1970 2580 dimi-

265 2596 334 2638 dia
359 2596 685 2649 superantibus.
710 2599 902 2640 acheniis
927 2599 1129 2641 omnibus
1163 2599 1590 2642 annulato-incurvis
1615 2598 1811 2640 externis
1838 2597 1970 2651 triplo

260 2656 497 2709 maioribus
522 2656 652 2698 dorso
675 2657 885 2699 echinatis
903 2661 1057 2700 ventre
1075 2658 1200 2700 alatis
1224 2659 1420 2710 margine
1445 2670 1561 2712 saepc
1579 2656 1785 2709 cristatis,
1805 2656 1971 2698 intimis

259 2714 433 2766 rugosis
465 2719 529 2765 Ε).
557 2715 598 2757 C.
627 2715 827 2757 arcensis
854 2716 960 2759 ΜΒ.
988 2717 1118 2759 Taur.
1150 2716 1276 2761 Cauc.
1305 2717 1381 2769 Ill,
1410 2730 1450 2771 p.
1477 2718 1562 2759 596
1589 2728 1678 2758 non
1701 2715 1747 2757 L.

307 2787 405 2824 Hah.
432 2789 471 2823 in
491 2789 596 2824 arvis
615 2792 652 2824 et
669 2790 818 2835 campis
837 2789 1156 2827 Transcaucasiae
1186 2802 1307 2838 prope
1327 2791 1440 2827 Baku
1471 2793 1509 2827 et
1531 2790 1684 2826 Sallian
1717 2789 1827 2834 (CA.
1850 2789 1942 2834 Mey
1957 2791 1971 2823 l⁴

258 2834 390 2880 Bgel),
415 2836 558 2871 Persiae
587 2836 772 2871 australis
800 2837 933 2873 insula
952 2838 1102 2874 Karrak
1124 2842 1161 2874 et
1186 2849 1257 2885 pro
1288 2849 1308 2874 e
1328 2839 1504 2874 Abuchir
1521 2840 1559 2874 et
1578 2837 1741 2873 Dalechi
1761 2836 1855 2882 (Ky.
1876 2836 1972 2872 122!

256 2882 331 2916 sub
362 2881 398 2918 C.
421 2882 575 2929 mamili,
594 2883 714 2918 Anch.
734 2884 841 2919 47921
872 2888 910 2919 et
933 2885 1074 2929 48731),
1103 2896 1225 2932 regno
1277 2886 1434 2922 abulico
1465 2884 1632 2931 (Griffl),
1660 2884 1882 2930 Babylonia
1913 2883 1964 2918 ad

255 2928 526 2965 Mohammera
544 2931 645 2975 (Noe
661 2930 709 2965 96
722 2933 757 2975 l).

315 3003 359 3056 β.
393 3003 590 3056 ῃναεῖίίε.
622 3029 674 3036 -
712 3005 901 3049 Achenia
934 3008 1082 3050 minus
1108 3008 1354 3062 inaeqnalia,
1382 3008 1601 3050 exteriora
1635 3007 1802 3050 intimis
1828 3005 1966 3059 duplo
