2090 3291
254 188 325 224 526
983 194 1229 221 COMPOSITAE.
1765 186 1951 225 Cei-stum.

255 272 421 312 erectas
464 270 596 311 flores
641 269 864 323 aequantes
909 270 1034 321 parte
1081 266 1278 308 inferiori
1316 267 1806 322 serrulato-spinulosas
1851 274 1959 313 atte-

254 328 400 370 nuatis
426 327 481 381 Θ
497 328 518 369 ⁶?

300 401 401 435 Hab.
418 401 455 434 in
475 399 665 445 glareosis
679 409 803 445 prope
817 399 911 434 Pere
929 408 1043 445 prov.
1063 398 1305 443 Aderbidjan
1323 398 1466 434 Persiae
1485 399 1604 443 (Szov
1617 402 1653 444 l),
1675 401 1715 435 in
1735 401 1959 441 Karduehia

252 449 423 483 Armenii
440 447 490 481 ad
505 447 649 482 Mukus
667 446 760 490 (ΚΥ,
782 445 917 492 Suppl.
936 446 1052 489 6321),
1072 446 1112 480 in
1131 446 1289 491 regione
1309 449 1498 482 montana
1515 449 1552 482 et
1569 447 1703 493 alpina
1722 459 1830 495 prov.
1852 450 1956 487 Kho-

253 504 390 529 rassan
410 495 510 528 inter
528 494 754 539 Nichapour
769 496 806 528 et
824 492 1009 528 Mesched
1027 492 1128 537 (Bun
1137 502 1184 538 ge
1203 492 1318 537 1581).

310 560 352 612 β.
378 558 766 609 consanffloineum.
795 582 851 588 —
874 557 1072 611 Capitula
1096 557 1436 610 subaugustiora
1461 559 1656 613 oblonga.
1695 584 1750 592 ——
1781 560 1824 603 C.
1858 573 1958 604 con-

251 617 545 670 sanyzaee’nemn
568 630 646 659 nc.
680 616 829 659 prodr.
856 616 930 670 Vl,
956 630 996 671 p.
1021 618 1119 658 64¹.

301 691 403 725 Hal).
424 691 462 724 in
482 691 614 725 Persia
628 690 841 736 (Belangl)‚
859 692 899 726 in
915 691 1010 736 jugo
1028 689 1173 726 Elbrus
1191 689 1242 725 ad
1263 689 1422 734 Djulfek
1440 690 1531 726 Kuh
1550 693 1692 734 (Auch.
1714 693 1845 739 48150
1863 695 1957 730 etin

252 737 358 773 valle
388 738 523 772 Sawer
552 737 779 782 (ssuhsel),
808 738 858 773 ad
882 738 1033 773 rivulos
1063 737 1257 773 montium
1287 738 1433 773 Pers-iae
1466 739 1719 776 occidentalis
1753 741 1805 776 ad
1835 742 1959 778 Sihna

252 785 396 820 6-10001
405 786 422 816 l’
441 784 621 828 (Haussk
632 786 667 829 l).

299 848 440 883 Planta
472 848 706 894 sexpednlis‚
741 847 835 883 folia
867 848 1051 883 inferiora
1085 847 1420 894 12-18-pollicaria
1452 848 1517 884 4-5
1551 849 1642 895 poll.
1673 849 1773 895 1ata3
1810 862 1828 887 s
1859 853 1957 889 ecies

253 896 661 988 ἓῗὲὲῖἒίἱῖὶξὶέῐίἕῗῐίε,
681 895 877 949 involucri
899 895 1125 941 glaberrimi
1143 895 1268 942 spinis
1291 895 1534 932 tenuissimis
1556 898 1666 933 12-15
1680 897 1805 934 lineas
1843 900 1956 946 ongis

316 1061 353 1101 3.
383 1058 437 1102 C.
461 1057 919 1112 sorocephalum
947 1056 1012 1111 (F.
1041 1057 1090 1098 M.
1117 1056 1250 1098 Index
1278 1056 1450 1110 Petrop.
1484 1058 1605 1108 1835,
1630 1071 1669 1111 p.
1696 1058 1771 1108 33)
1795 1060 1955 1112 parcis-

253 1120 362 1161 sime
405 1129 662 1159 araneosum
703 1116 876 1158 landem
918 1116 1160 1169 glabratum
1200 1115 1362 1170 pallide
1402 1117 1566 1169 virens,
1609 1118 1729 1159 caule
1771 1119 1956 1172 simplici

253 1177 502 1220 subsulcato
519 1176 670 1219 striato
685 1176 847 1227 folioso‚
870 1176 981 1217 foliis
1007 1174 1160 1228 rigidis
1185 1176 1384 1217 elevatim
1408 1177 1621 1225 nervosis,
1647 1177 1953 1220 radicalibus...

255 1236 437 1278 caulinis
464 1248 488 1276 a
517 1235 609 1276 basi
634 1235 828 1277 breviter
855 1235 1058 1288 petiolata
1085 1237 1127 1276 et
1157 1234 1301 1276 sessili
1332 1234 1632 1288 amplexicauli
1658 1236 1956 1290 oblongo-lan-

255 1296 432 1337 ceolalis
462 1293 513 1335 ad
546 1292 599 1347 Ἰ,
631 1295 699 1336 vel
734 1292 788 1347 Ἃ
821 1294 862 1335 in
895 1293 1013 1335 lobos
1045 1293 1252 1335 2-3-fidos
1284 1294 1408 1346 longe
1438 1294 1639 1348 spinosos
1671 1295 1955 1349 pinnatifidis,

253 1354 453 1408 capitulis
497 1354 602 1395 6-10
640 1352 871 1396 sessilibus
904 1353 949 1394 in
989 1352 1164 1405 globum
1203 1352 1478 1395 terminalem
1513 1354 1729 1407 congestis
1764 1355 1950 1398 bracteis

254 1416 436 1465 anguste
462 1412 708 1455 lanceolatis
733 1412 921 1466 spinosis
945 1423 992 1453 ea
1017 1410 1377 1465 subaequanlibus
1401 1411 1606 1455 suffultis.
1627 1413 1842 1455 involucri
1866 1415 1954 1467 gla-

254 1469 435 1512 berrimi
453 1470 612 1523 phyllis
636 1471 860 1525 adpressis
883 1469 1037 1512 albidis
1061 1483 1253 1525 superne
1277 1470 1430 1512 obtuse
1449 1470 1738 1515 subcarinalis
1762 1473 1952 1526 margine

257 1529 451 1571 breviter
475 1529 877 1571 ciliato-serrulatis
897 1527 948 1570 ab
972 1529 1133 1571 infimis
1155 1529 1497 1582 triangularibus
1520 1530 1781 1573 brevissime
1804 1532 1955 1586 spinu-

253 1587 358 1630 losis
391 1589 442 1629 ad
481 1589 711 1640 superiora
742 1589 786 1630 in
821 1589 969 1642 spinas
1002 1588 1228 1631 subulatas
1261 1589 1323 1630 eis
1358 1589 1495 1631 multo
1534 1589 1756 1632 breviores
1790 1591 1954 1633 sensim

252 1650 475 1689 attenuala
509 1647 732 1699 elongatis,
774 1647 935 1690 intimis
967 1647 1210 1689 inermibus
1246 1648 1372 1700 longe
1409 1649 1870 1691 setaceo-acuminatis
1897 1649 1954 1705 Θ

253 1706 321 1748 vel
357 1712 416 1752 26.

249 1780 399 1863 MHah.
420 1781 458 1814 in
476 1780 669 1826 lapidosis
682 1782 827 1816 montis
842 1779 1221 1815 Tchitchekludachi
1237 1779 1398 1816 ditionis
1412 1779 1586 1826 Talysch
1605 1780 1775 1826 (Hohen.
1788 1782 1827 1817 in
1844 1781 1951 1818 herb.

292 1830 435 1873 eyerl).

297 1892 431 1927 Caulis
446 1892 510 1927 2-‘2
523 1891 748 1938 ¹l2-pedalis,
764 1892 857 1927 folia
876 1892 1060 1926 inferiora
1079 1890 1142 1926 3-4
1160 1890 1252 1937 poll.
1270 1890 1391 1936 longa
1404 1901 1492 1927 cum
1513 1891 1637 1938 spinis
1657 1891 1796 1939 pollice
1817 1891 1954 1928 subla-

249 1939 359 1981 tiorn,
378 1939 552 1985 capitula
571 1939 746 1984 oblonga
764 1939 1048 1985 magnitudinis
1070 1937 1110 1974 C.
1131 1939 1303 1984 conpestz'
1321 1938 1435 1973 valde
1460 1938 1588 1974 affinis
1612 1940 1679 1975 sed
1699 1940 1803 1986 quod
1824 1940 1954 1975 differt

249 1987 360 2021 caule
379 1987 560 2021 crassiori
583 1989 620 2021 et
644 1987 796 2022 elatiori
825 1986 1057 2031 corymbose
1080 1995 1248 2029 ramoso,
1267 1985 1464 2021 involucri
1491 1986 1640 2032 phyllis
1662 1988 1779 2022 etiam
1806 1988 1952 2022 infimis

249 2032 481 2080 longissime
497 2034 679 2080 spinosis.

311 2150 350 2190 4.
380 2149 432 2192 C.
471 2149 929 2205 polycephalum
963 2156 1009 2201 (D
1029 2160 1062 2190 c.
1089 2146 1242 2189 Prodr.
1274 2145 1344 2198 VI,
1370 2159 1412 2200 p.
1439 2146 1544 2200 639)
1573 2146 1696 2188 caule
1722 2147 1834 2189 elato
1860 2160 1953 2190 ara—

251 2209 541 2263 neoso-piloso
568 2209 720 2251 crebre
745 2209 895 2250 solioso
922 2207 1005 2250 late
1031 2210 1073 2248 et
1102 2205 1338 2260 composite
1366 2205 1622 2259 corymboso
1657 2206 1952 2260 polycephalo,

248 2267 362 2309 foliis
384 2280 517 2321 supra
538 2268 739 2321 strigosis
758 2267 914 2310 subtus
933 2263 1493 2309 araneoso-canescentibus
1513 2264 1556 2306 in
1575 2263 1752 2307 lacinias
1770 2269 1952 2317 anguste

247 2326 504 2368 lanceolatas
530 2327 572 2368 in
601 2327 750 2381 spinas
773 2330 928 2370 tenues
956 2326 1166 2368 abeuntes
1201 2323 1396 2377 margine
1429 2323 1949 2377 revolutas‘pinnatipar-

245 2385 347 2427 titis.
365 2385 546 2427 caulinis
563 2385 950 2440 amplexicaulibus
965 2383 1416 2437 diminiitis‚capitulis
1434 2381 1583 2437 parvis
1602 2382 1949 2436 ovato-oblongis

246 2444 551 2486 terminalibus
573 2445 890 2490 subsessilibus
915 2443 1120 2487 confertis
1142 2442 1256 2485 foliis
1281 2442 1533 2486 lanceolatis
1559 2441 1765 2483 flosculos
1793 2441 1952 2484 subsu-

245 2503 504 2557 perantibus
523 2503 996 2547 bracteatis.involucri
1011 2501 1295 2556 glabriusculi
1314 2500 1473 2556 phyllis
1494 2498 1740 2546 virentibus
1765 2504 1949 2553 anguste

246 2562 495 2604 lanceolalis
537 2563 761 2616 adpressis
804 2563 997 2616 margine
1033 2560 1441 2604 serrulam-scabris
1477 2560 1522 2602 in
1558 2558 1731 2613 spinam
1771 2561 1949 2601 tenuem

244 2621 430 2662 albidam
452 2620 912 2665 subulam-attenuatis
930 2621 998 2676 Θ.
1027 2619 1247 2672 Eriolepis
1269 2617 1589 2671 microceplzala
1614 2616 1658 2660 C.
1677 2617 1795 2660 Koch
1818 2618 1945 2660 Linn.

244 2678 406 2727 xxiii„
432 2693 469 2732 p.
500 2681 606 2721 4082!
635 2706 689 2710 —
726 2678 924 2723 Cirsz'um
952 2678 1182 2722 Ponticum
1206 2680 1253 2722 F.
1279 2678 1332 2721 M.
1355 2678 1450 2721 Ind.
1479 2677 1596 2720 Petr.
1625 2675 1701 2729 IX,
1728 2690 1770 2730 p.
1794 2676 1875 2718 671

251 2780 254 2783 Α
290 2752 388 2787 Hab.
417 2753 517 2787 circa
549 2753 781 2798 Byzantium
809 2754 951 2798 (Auch.
984 2753 1101 2790 3392!
1133 2753 1266 2799 Noel),
1293 2752 1333 2789 in
1367 2751 1531 2798 planitie
1557 2760 1678 2796 supra
1711 2749 1949 2794 Buyukdere

245 2799 376 2844 (Boiss
390 2801 415 2843 l)
436 2801 473 2834 in
495 2800 655 2836 Nntolizi
673 2801 848 2845 (Wiedl).

290 2863 324 2896 A
359 2862 404 2897 cl.
437 2863 653 2900 (jandolleo
686 2874 773 2900 cum
804 2864 842 2901 C.
870 2863 1088 2910 Bulqarico
1117 2866 1402 2910 comparatum,
1427 2862 1480 2897 ab
1505 2871 1551 2898 eo
1569 2870 1658 2896 meo
1687 2870 1807 2895 sensu
1833 2859 1950 2896 walde

242 2908 434 2944 dissimile
453 2911 634 2956 capitulis
655 2912 771 2957 longe
792 2922 859 2947 nec
879 2903 1055 2946 obs'olete
1079 2911 1298 2955 bracteatus,
1319 2909 1503 2955 oblongis
1528 2918 1599 2943 nec
1617 2905 1808 2953 globosis,
1826 2906 1947 2954 triplo

245 2955 463 2991 minorihus
483 2958 707 2994 avellanam
730 2959 991 3005 aequantibus,
1010 2958 1161 3005 phyllis
1180 2957 1339 3004 longius
1359 2956 1569 2992 subulatis.
