2095 3206
227 217 298 252 196
956 215 1206 242 composrrAE.
1789 204 1926 241 Inula.

286 299 355 340 28.
390 296 429 339 1.
466 290 881 347 rhizocephala
915 289 1156 343 (Schrenck
1184 289 1340 330 Enum.
1370 289 1401 341 Ι,
1430 300 1469 341 p.
1500 287 1576 343 51)
1607 287 1786 341 acanus,
1818 289 1931 332 foliis

229 355 431 399 omnibus
455 352 715 395 radicalibus
739 348 944 392 rosulatis
963 348 1168 401 expansis
1183 346 1526 389 membranaceis
1544 347 1742 399 oblongis
1761 346 1931 389 obtusis

227 415 416 458 obsolete
456 408 861 465 repando-dentatis
909 407 1061 449 ciliatis
1109 406 1201 448 basi
1245 405 1368 458 longe
1412 404 1456 447 in
1499 405 1705 458 petiolum
1750 405 1929 448 brevem

224 471 466 526 angustatis
512 468 752 523 glomerato
800 466 1091 520 capitulorum
1132 463 1414 517 longioribus,
1440 464 1640 517 capitulis
1680 463 1730 505 ad
1771 463 1929 506 collum

226 533 270 573 in
298 529 587 583 glomerulum
623 525 1000 578 llemisphaericum
1029 523 1162 565 dense
1194 523 1407 575 congestis
1446 522 1690 575 sessilibus,
1716 522 1931 565 involucri

226 590 387 644 phyllis
416 586 563 641 paucis
597 584 848 627 lanceolatis
879 582 1040 625 toneris
1075 581 1270 623 externis
1298 581 1520 623 lierbaeeis
1552 584 1677 635 parte
1710 580 1930 635 superiori

228 644 663 703 squamoso-reflexis
687 642 852 685 infimis
875 641 1006 684 rectis
1034 640 1237 682 scariosis
1275 639 1646 693 sublongioribus,
1670 639 1814 693 ligulis
1843 639 1930 682 dis-

228 719 325 750 cum
355 705 549 747 breviter
573 701 897 753 excedentibus,
921 699 1109 742 acheniis
1139 698 1367 752 puberulis
1394 698 1462 752 Q).

275 779 380 814 Hab.
400 778 439 812 in
461 777 617 821 regione
636 776 823 810 montana
841 775 876 808 et
896 772 1030 819 alpina
1049 782 1159 819 prov.
1181 771 1410 806 Khorassau
1436 770 1579 806 Persiae
1604 770 1705 807 inter
1732 770 1933 817 Nichapur

228 829 266 861 et
283 824 467 861 Mesched
488 824 634 868 (Egel),
652 822 691 856 in
714 820 915 856 montibus
934 819 1156 864 Affghaniae
1173 818 1337 863 (Griffl).

275 891 387 928 Folia
405 888 794 936 oblongo-lingulam
817 886 1112 932 2-3-pollicaria,
1127 885 1300 931 capitula
1320 884 1432 921 10-20
1451 885 1662 920 mediocria
1679 884 1718 919 in
1738 883 1931 929 glomeru-

227 939 311 975 lum
341 939 457 973 diam.
489 936 758 984 bipollicarem
789 935 984 979 congesta,
1009 943 1163 980 pappus
1191 932 1333 977 longus
1359 932 1480 975 rufus,
1501 931 1661 968 achenia
1681 930 1933 966 teretiuscula

229 986 380 1022 striata.

273 1050 335 1085 Ar.
365 1049 497 1093 Geoqr.
527 1045 727 1091 Songaria.

863 1160 884 1215 ἕ
919 1162 957 1203 3.
992 1158 1288 1205 Candidae.

291 1291 344 1331 29
393 1289 433 1331 1.
469 1285 725 1331 candida
757 1286 824 1340 (L.
854 1286 926 1340 Sp.
957 1288 1063 1328 1208
1089 1287 1171 1328 sub
1195 1284 1390 1339 Conyza')
1414 1298 1519 1328 cana
1552 1285 1686 1327 dense
1723 1297 1932 1338 pannosa,

231 1349 324 1391 basi
358 1348 674 1390 suli'rnlescens
703 1346 836 1388 dense
863 1349 1100 1399 squamata,
1132 1344 1329 1387 caulibus
1364 1343 1610 1385 numerosis
1646 1343 1931 1398 simplicibus,

228 1408 340 1450 soliis
383 1406 641 1448 radicalibus
679 1404 1143 1457 oblongo-spatllulatis
1172 1404 1339 1446 obtusis
1375 1402 1419 1445 iu
1453 1402 1661 1457 petiolum
1697 1403 1931 1446 attenuatis

227 1466 410 1519 integris
438 1466 505 1507 vel
532 1464 694 1506 minute
719 1464 969 1505 erenulatis.
988 1463 1187 1517 capitulis
1210 1462 1357 1516 paucis
1383 1474 1437 1504 ex
1458 1461 1600 1503 axillis
1626 1461 1930 1515 superioribus

230 1524 534 1580 pedumvulans
553 1523 619 1565 vel
650 1521 965 1563 subsessilibus
993 1525 1033 1563 et
1062 1521 1362 1563 terminalibus
1392 1521 1465 1561 1-(2
1490 1520 1831 1575 hemisphaerissis
1849 1519 1934 1564 dis-

230 1584 391 1626 coideis
415 1582 507 1625 basi
531 1582 750 1624 interdum
781 1581 891 1622 foliis
921 1580 1146 1621 diminutis
1175 1580 1412 1622 linearibus
1439 1580 1507 1621 vel
1536 1578 1932 1632 lineari-spathula-

230 1643 286 1685 tis
306 1642 582 1684 involucrum
602 1639 874 1693 aequantibns
895 1639 959 1680 vel
980 1638 1291 1691 superantibus
1309 1638 1516 1691 suffultis,
1539 1637 1756 1680 involucri
1776 1637 1933 1691 phyllis

230 1701 438 1756 adpresse
477 1699 714 1741 imbricatis
753 1697 804 1739 ab
842 1697 1003 1739 infimis
1040 1696 1380 1750 triangularibus
1417 1697 1468 1737 ad
1506 1697 1717 1739 interiora
1754 1696 1932 1738 linearia

228 1764 353 1802 acuta
389 1760 550 1801 sensim
591 1758 742 1808 auctis,
781 1756 970 1799 aelieniis
1005 1756 1129 1799 hirtis
1164 1762 1222 1802 21.
1258 1756 1312 1797 Ic.
1349 1756 1408 1798 Fl.
1441 1754 1515 1797 Gr.
1550 1755 1635 1798 tab.
1663 1755 1761 1797 864.
1805 1780 1857 1785 -—
1896 1755 1929 1797 1.

229 1819 418 1859 eandida
457 1817 574 1860 Cass.
604 1817 715 1858 Dicl.
745 1817 814 1867 ⁶23,
846 1829 887 1870 p.
914 1816 1010 1857 554.
1039 1839 1090 1844 —
1121 1815 1297 1866 Conyza
1326 1813 1638 1866 verbascifol'ia
1669 1813 1733 1855 W.
1759 1813 1829 1867 Sp.
1859 1813 1933 1865 ΙΙΙ,

229 1890 269 1931 p.
300 1879 425 1919 1924.

278 1950 378 1986 Hab.
399 1951 446 1985 ad
467 1960 582 1996 rupes
600 1949 771 1995 regionis
789 1947 926 1983 calidz‘e
946 1947 1139 1982 inferioris
1160 1947 1197 1981 in
1217 1949 1447 1982 montanam
1467 1949 1504 1981 et
1524 1946 1775 1993 subalpinam
1802 1955 1932 1981 ascen-

231 1998 337 2042 dens,
358 1997 651 2043 Peloponnesus
671 1998 709 2031 in
732 1995 888 2041 regione
909 1995 1037 2029 media
1059 1993 1246 2039 Kyllenes
1266 1997 1303 2030 et
1321 1994 1359 2028 in
1380 1994 1558 2039 Taygeto
1586 2004 1712 2040 usque
1738 1993 1785 2028 ad
1810 1993 1933 2038 regio·

232 2055 320 2080 nem
340 2045 580 2091 superiorem
601 2043 784 2087 (Heldrl),
805 2042 953 2077 Achaia
971 2042 1018 2076 ad
1036 2041 1233 2076 (lalavrita
1252 2045 1286 2076 el
1302 2041 1342 2076 in
1359 2044 1490 2075 moute
1506 2041 1690 2077 Chelmos
1707 2041 1754 2076 ad
1770 2041 1931 2085 Stygem

227 2092 350 2137 (Orph
365 2094 402 2136 ἵ),
423 2092 580 2136 Argolis
595 2091 787 2137 (Sprunl).
808 2089 934 2124 Attica
953 2090 991 2124 in
1013 2089 1208 2132 Lycabeto
1236 2090 1273 2123 et
1299 2088 1486 2133 Hymetto
1510 2088 1617 2134 (Sprl
1647 2087 1784 2122 Heldrl
1810 2087 1934 2132 Orph.

229 2139 286 2175 1³1.
306 2150 376 2175 exs
412 2138 530 2182 7831),
549 2149 661 2173 mons
681 2137 824 2183 Delphi
840 2136 982 2171 Euheze
996 2135 1226 2171 wolf-500?
1242 2135 1396 2179 (Heldr.
1410 2135 1527 2170 Herb.
1544 2135 1675 2170 Norm.
1689 2135 1804 2179 7751),
1820 2143 1932 2169 mons

232 2186 357 2221 Athos
378 2186 620 2221 Macedonize
640 2185 775 2229 (Auch.
794 2184 932 2227 30751),
952 2183 1064 2218 Creta
1084 2183 1208 2227 (Siebl
1228 2183 1340 2218 Noelf
1363 2182 1418 2217 Fl.
1438 2182 1529 2217 Mai.
1548 2182 1623 2217 Jul.

288 2260 331 2313 β.
370 2259 556 2301 radiata.
598 2284 650 2288 —
701 2257 896 2311 Capitula
935 2257 1138 2310 pauciora
1178 2255 1439 2309 submajora,
1479 2255 1576 2297 solia
1616 2256 1760 2298 miuus
1799 2254 1932 2296 dense

232 2332 438 2373 pannosa,
463 2319 628 2361 flosculi
648 2317 907 2369 marginales
928 2316 1186 2358 brevissime
1209 2315 1388 2367 ligulati,
1408 2315 1583 2356 achenia
1601 2313 1930 2366 glabreseeutia.

231 2401 286 2408 —
315 2379 346 2419 Ι.
375 2377 640 2418 Perna-wira
669 2376 807 2418 Boiss.
834 2379 874 2417 et
899 2376 1046 2425 Ijleldr.
1074 2374 1226 2427 Diagn.
1253 2374 1345 2416 Ser.
1375 2375 1413 2426 2,
1437 2374 1511 2417 111.
1539 2386 1578 2427 p.
1599 2375 1664 2414 11.

279 2452 379 2487 Hab.
398 2451 447 2487 ad
467 2461 581 2498 rupes
604 2450 783 2486 Parnassi
803 2459 922 2496 prope
943 2449 1147 2484 Araehova
1167 2447 1328 2493 (Heldrl
1348 2447 1466 2494 Orph.
1487 2447 1542 2482 Fl.
1563 2447 1630 2482 Gr.
1653 2456 1731 2482 exs.
1752 2446 1824 2482 343
1836 2447 1873 2491 l),
1892 2445 1932 2481 in

229 2500 379 2535 OEtolia
397 2509 516 2545 prope
536 2497 795 2542 Missolonghi
815 2496 1003 2541 (Heldrlj.

273 2564 336 2598 Ar.
361 2563 490 2607 Geoqr.
510 2561 690 2606 Regnum
709 2559 1022 2606 Neapolitanum,
1043 2558 1252 2594 Dalmatia.

289 2676 355 2717 30.
391 2674 427 2717 Ι.
464 2672 946 2716 Aschersoniana
977 2670 1136 2725 (Janka
1162 2670 1285 2725 Mss.)
1322 2669 1656 2723 adpressissime
1697 2680 1932 2711 canescens

230 2735 323 2776 basi
352 2734 682 2780 suffruteseens,
703 2731 898 2773 caulibus
926 2730 1082 2772 erectis
1105 2729 1393 2782 simplicibus.
1415 2728 1527 2769 foliis
1546 2727 1743 2781 oblongis
1766 2727 1932 2770 obtusis

229 2794 273 2834 in
299 2793 502 2846 petiolum
527 2791 760 2833 attenuatis
794 2788 1028 2831 crenulatis
1056 2789 1212 2830 subtus
1239 2788 1437 2830 elevalim
1462 2786 1702 2828 reticulatis
1734 2785 1931 2828 radicali-

231 2854 312 2894 hus
340 2854 459 2903 longe
489 2849 789 2904 superioribus
817 2849 1009 2890 breviter
1044 2846 1274 2901 petiolatis,
1307 2846 1507 2899 capitulis
1533 2846 1608 2886 4-ss
1643 2845 1693 2886 ad
1729 2844 1928 2886 foliorum

230 2911 506 2964 superiorum
549 2908 698 2950 axillas
739 2907 944 2949 solitariis
976 2907 1156 2948 remotis
1196 2905 1438 2958 peduncnlo
1466 2905 1528 2945 eis
1555 2903 1794 2957 aequilongo
1830 2902 1930 2946 folio

229 2970 430 3011 breviore
458 2968 649 3010 suffultis
673 2968 767 3008 laxe
793 2965 1025 3007 racemosis
1059 2963 1387 3018 liemispliericis
1411 2963 1501 3005 basi
1523 2962 1744 3004 interdum
1771 2961 1928 3004 foliolis
