2066 3296
91 222 232 258 Pz'cris.
821 229 1068 255 COMPOSITAE.
1728 221 1797 259 735

90 301 260 339 ditionis.
280 301 439 336 Galatia
458 300 532 345 (W.
566 299 711 343 herbl),
732 298 877 333 Tauria
898 302 936 334 et
953 310 1062 345 prOV.
1080 299 1300 335 Caucasicae
1321 303 1386 343 (ex
1401 299 1573 345 Le‹leb.],
1595 301 1795 336 Caucasus

93 348 305 383 Orientalis
333 348 374 382 in
390 347 602 382 'l'uschetia
628 356 750 401 prope
771 345 893 380 Diklo
912 346 1016 381 ‹5600'
1037 346 1364 402 (liuprQPersia
1394 347 1563 382 borealis
1594 348 1633 382 in
1664 352 1799 384 monte

92 395 236 431 Elbrus
254 404 374 441 prope
391 393 574 430 Dei-bend
591 393 681 438 (Ixy.
702 403 783 428 exs.
802 392 873 428 303
891 393 966 427 sub
985 393 1029 428 P.
1048 397 1219 440 strzyosa
1238 398 1347 437 var).

93 506 118 539 b
136 459 200 540 ἔτ.
220 458 351 539 Gepqr.
370 457 529 503 Europa
547 456 716 492 borealis
735 458 773 490 et
790 456 922 490 media
940 467 963 490 a
983 456 1114 491 Danizi
1132 459 1169 491 et
1185 455 1331 491 Gothia
1347 456 1394 491 ad
1413 456 1593 492 Rossiam
1613 458 1796 503 mediam,

107 505 133 539 *i
164 504 248 547 iria,
264 528 270 537 .
289 505 444 550 aponia.

153 630 189 670 2.
224 628 280 670 P.
315 627 529 670 stricta
562 626 747 681 (Jordan
772 625 860 669 Cat.
890 626 1018 680 Dijon
1046 627 1170 676 1848.
1195 640 1234 680 p.
1270 628 1334 677 19)
1371 627 1539 670 biennis
1563 629 1663 681 pilis
1690 629 1792 671 sim-

93 687 278 740 plicibus
303 690 345 728 et.
369 686 638 740 glochidiatis
666 685 792 727 valde
811 697 982 739 aspera.
1007 686 1129 727 caule
1153 697 1344 738 superne
1369 686 1517 728 stricte
1539 691 1582 728 et
1603 687 1796 729 breviter

95 757 263 788 ramoso
292 744 798 799 racemosa-paniculato.
820 744 933 786 foliis
955 748 1137 797 anguste
1163 744 1621 797 oblongo-lanceolatis
1645 746 1795 787 denta-

92 806 147 847 tis
171 805 237 846 vel
267 803 452 846 sinuatis
480 802 744 845 radicalibus
772 802 860 845 basi
893 803 1140 847 attenuatis.
1167 803 1350 845 caulinis
1382 802 1474 846 basi
1499 804 1641 846 sessili
1666 805 1794 846 semi-

90 862 493 917 amplexicaulibus‚
521 861 780 915 pedunculis
818 861 1091 904 brevissimis
1129 863 1362 904 fructil'eris
1400 874 1485 904 non
1522 863 1792 915 incrassatis,

91 922 293 975 capitulis
322 921 631 965 mediocribus,
659 921 844 973 calyculi
871 923 913 963 et
938 920 1151 962 involucri
1179 921 1336 974 phyllis
1366 921 1603 963 linearibus
1634 925 1792 974 praeter

90 981 392 1023 indumentum
419 981 552 1022 breve
578 979 675 1033 plus
702 980 902 1021 minusve
925 980 1029 1021 setis
1050 979 1324 1032 glochidiatis
1350 980 1531 1033 hispidis
1554 980 1640 1022 illis
1668 984 1792 1034 parto

91 1039 319 1094 superiore
346 1039 520 1093 patulis,
547 1038 739 1080 acheniis
766 1037 1047 1080 subincurvis
1075 1038 1528 1090 elliptico-linear-ibus
1556 1038 1793 1080 lateraliter

91 1098 440 1151 subcompressis
457 1097 576 1151 apice
595 1097 635 1139 in
655 1096 884 1139 umbonem
906 1097 1269 1151 hemisphericum
1290 1097 1520 1139 contractis
1539 1100 1791 1140 transverse

90 1161 132 1198 et
168 1156 383 1210 profunde
413 1156 600 1209 rugosis.
627 1156 819 1217 olmnium
859 1168 995 1209 pappo
1034 1157 1232 1209 plumoso
1265 1155 1446 1198 deciduo
1471 1156 1537 1210 (ᾧ.
1565 1155 1620 1197 Ic.
1650 1156 1785 1197 Rchb.

89 1216 172 1257 tab.
201 1216 268 1257 23.
295 1240 348 1246 —-
373 1215 422 1258 P.
446 1214 677 1267 spinulosa
706 1214 819 1256 Bert.
847 1215 889 1256 in
919 1212 1046 1257 Guss.
1072 1214 1173 1267 Syn.
1205 1214 1258 1260 II,
1283 1228 1323 1268 p.
1361 1216 1446 1256 400
1470 1215 1647 1269 (nomen
1681 1216 1789 1256 anti-

90 1275 220 1329 quius
241 1274 315 1318 sed
338 1275 484 1316 minus
507 1273 688 1328 aptum).
709 1297 767 1302 ——
785 1274 833 1315 P.
857 1272 1164 1324 hispidissimo
1186 1274 1323 1327 Lecoq
1347 1277 1389 1315 et
1415 1273 1530 1315 Lam.
1551 1296 1607 1304 —
1629 1272 1678 1315 P.
1704 1273 1792 1315 liffe-

89 1333 304 1375 racz'oides
332 1333 469 1376 Smith
498 1332 653 1375 Prodr.
686 1332 737 1385 II,
765 1345 803 1387 p.
836 1333 916 1374 132
944 1345 1027 1374 non
1057 1332 1102 1375 L.

138 1406 237 1442 Hab.
269 1407 307 1441 in
341 1405 456 1441 cultis
487 1408 524 1441 et
553 1405 750 1441 ruderatis
779 1406 952 1451 regionis
980 1405 1190 1447 calidioris.
1220 1405 1349 1441 insula
1376 1406 1575 1450 Zacyntho
1604 1409 1640 1442 et
1666 1406 1791 1441 Attica

89 1453 260 1498 (Simu),
281 1450 511 1489 Macedonia
529 1452 579 1488 ad
596 1453 746 1488 radices
764 1455 912 1488 montis
930 1452 1126 1488 Korthiati
1145 1456 1182 1488 et
1200 1453 1248 1487 ad
1271 1453 1433 1488 Vodena
1451 1452 1576 1499 (Orph
1586 1455 1623 1497 l),
1642 1454 1791 1488 Anato-

90 1501 144 1536 lia
161 1500 244 1536 bor.
265 1500 505 1544 (Wiedeml).
523 1500 710 1535 Armenia
728 1510 847 1546 prope
866 1500 1010 1535 Baibut
1028 1499 1178 1545 (Bourg
1190 1502 1225 1544 l),
1246 1499 1361 1545 Syri-:t
1379 1500 1528 1535 boreali
1558 1500 1597 1534 in
1625 1500 1791 1546 rupibus

90 1557 195 1593 pone
211 1547 461 1583 Antiochiam
480 1547 643 1591 (Boissl)
663 1550 700 1582 et
717 1548 828 1593 prob.
853 1548 963 1582 alibi.

137 1611 199 1646 Ab
221 1611 328 1646 affini
346 1610 392 1646 P.
413 1609 653 1647 hz‘eracioicle
672 1611 827 1646 differre
851 1611 1004 1646 videtur
1029 1611 1336 1653 inflorescentisi,
1364 1611 1547 1658 capitulis
1572 1610 1792 1646 minoribus

90 1658 249 1694 tandem
267 1658 399 1694 medio
417 1658 723 1702 subconstrictis,
743 1659 916 1694 acheniis
935 1659 1106 1694 crassius
1126 1660 1294 1703 rugosis.

137 1723 199 1757 Ar.
220 1722 351 1767 Geoqr.
379 1722 512 1757 Gallia
531 1725 568 1757 et
585 1722 698 1757 Italia
716 1722 922 1765 australes,
941 1722 1085 1765 Sicilia,
1109 1722 1316 1757 Dalmatia.

149 1858 190 1898 3.
226 1857 284 1899 P.
323 1856 819 1911 Olympicassffloiss.
859 1856 1010 1909 Diagn.
1056 1856 1150 1898 Ser.
1195 1856 1227 1899 Ι.
1267 1858 1306 1898 4.
1347 1870 1386 1910 p.
1432 1857 1505 1912 26)
1540 1859 1711 1900 biennis
1748 1861 1791 1899 et

89 1928 339 1970 perennans
371 1919 459 1958 tota
493 1915 593 1969 pilis
621 1915 830 1958 brevibus
855 1915 1123 1967 glochidiatis
1158 1927 1325 1968 aspera,
1354 1916 1550 1959 caulibus
1582 1916 1789 1959 brevibus

89 1974 452 2017 decumbentibus
492 1975 561 2017 vel
604 1975 940 2017 ascendentibus
979 1974 1400 2017 tortuoso-incurvis
1446 1977 1581 2018 semel
1617 1976 1683 2017 vel
1724 1976 1790 2017 bis

88 2033 235 2076 bifidis
262 2034 562 2086 rii-cephalis,
585 2034 695 2086 foliis
722 2034 981 2075 radicalibus
1003 2033 1169 2075 crebris
1195 2033 1399 2075 rosulatis
1422 2034 1669 2077 lanceolatis
1692 2047 1791 2076 acu-

88 2092 261 2135 minatis
299 2096 423 2134 acute
460 2093 938 2144 runcinam-laciniatis,
978 2092 1161 2134 caulinis
1201 2093 1272 2132 122
1313 2097 1494 2144 anguste
1534 2093 1789 2139 linearibus.

88 2151 348 2205 pedunculis
377 2151 611 2193 fructiferis
648 2163 732 2193 non
759 2151 1028 2203 incrassatis,
1055 2150 1255 2204 capitulis
1280 2151 1584 2197 mediocribus,
1607 2152 1787 2205 calyculi

88 2213 132 2252 et
162 2210 379 2252 involucri
405 2210 566 2263 phyllis
592 2210 1021 2252 lineari-lanceolatis
1055 2210 1194 2252 acutis
1219 2209 1444 2262 adpressis·
1476 2210 1789 2264 nigricantibns

90 2280 218 2322 parce
240 2268 716 2311 sarinoso-tomentellis
739 2269 823 2310 illis
850 2268 1026 2311 dimidio
1047 2268 1338 2318 brevioribus,
1365 2270 1555 2311 acheniis
1579 2269 1789 2320 elongatis

90 2327 368 2370 subcurvatis
412 2327 609 2370 breviter
654 2327 1188 2370 attenuato-sulirostratis
1234 2328 1487 2369 tenuissime
1534 2332 1789 2369 transverse

90 2386 325 2440 rugulosis,
348 2386 541 2428 omnium
563 2399 706 2441 pappo
732 2387 932 2441 plumoso
957 2386 1117 2429 caduco
1141 2387 1196 2441 Θ
1222 2390 1264 2428 et
1301 2393 1358 2433 26.

137 2459 237 2494 Hab.
255 2459 297 2493 in
316 2458 493 2494 herbidis
510 2459 683 2504 regionis
702 2459 847 2506 alpinae
865 2459 1028 2505 Olympi
1046 2458 1209 2504 Bithyni
1228 2458 1404 2504 (Boissl).
1422 2458 1478 2493 Fl.
1500 2460 1600 2504 Aug.

136 2522 272 2559 Facies
290 2521 425 2559 Leone.
441 2522 699 2569 autumnalis,
717 2523 814 2558 folia
831 2522 877 2558 L.
892 2522 1060 2560 hastilis.
1083 2523 1212 2559 caules
1231 2533 1320 2558 cum
1340 2522 1571 2568 pedunculis
1586 2523 1656 2557 vix
1675 2523 1791 2558 semi-

89 2569 258 2616 pedales.
280 2571 342 2605 An
374 2570 425 2605 sit
453 2571 581 2605 forma
610 2570 747 2624 alpina
775 2570 817 2606 P.
842 2569 1090 2606 hz'eracioidi's
1118 2570 1283 2605 ulterius
1310 2570 1641 2614 investigandum,
1662 2570 1792 2605 differt

88 2616 239 2662 phyllis
258 2617 442 2652 omnibus
466 2617 676 2664 adpresms,
703 2617 879 2653 acheniis
902 2618 1157 2652 subrostratis
1176 2620 1213 2652 et
1241 2616 1394 2652 nullam
1422 2617 1591 2652 formam
1618 2617 1786 2652 similem

89 2663 134 2698 P.
152 2663 401 2700 hieraeioidis
417 2674 465 2699 ex
482 2664 652 2711 Alpibus
670 2664 839 2711 Europae.
858 2664 963 2699 novi.

149 2797 189 2838 4.
222 2796 281 2838 P.
319 2795 652 2851 glomerata
684 2795 748 2852 (C.
778 2797 893 2839 Koch
930 2796 1054 2838 Linn.
1091 2795 1253 2845 XXIII.
1283 2809 1320 2848 p.
1351 2794 1457 2849 666)
1491 2794 1676 2846 biennis,
1703 2798 1791 2837 tota

91 2855 191 2908 pilis
213 2854 482 2908 glochidiatis
510 2859 848 2910 setoso-aspera.
876 2856 998 2897 caule
1021 2854 1222 2907 angulato
1251 2855 1361 2896 elato
1387 2855 1537 2896 stricto
1562 2853 1792 2906 simplicis-

93 2913 202 2956 simo
224 2914 375 2956 folioso
399 2914 443 2955 in
470 2914 630 2966 spicam
654 2915 824 2968 longam
851 2914 1140 2966 interruptam
1167 2913 1364 2954 abeunti.
1391 2912 1499 2954 l'oliis
1526 2912 1791 2953 lineari-lan-

93 2972 267 3015 ceolatis
292 2973 502 3025 elongatis
528 2973 1017 3026 angustis.radicalibus
1044 2972 1084 3013 in
1114 2972 1317 3025 petiolum
1338 2971 1572 3013 attenuatis
1596 2970 1790 3012 denticu-
