2066 3296
91 190 324 229 Centaurea.
822 197 1067 224 composrrAE.
1722 189 1793 226 693

88 271 223 326 phala
255 272 394 315 Boiss.
426 274 469 315 et
499 271 629 314 Reut.
653 271 805 324 Diagn.
844 269 936 313 Ser.
971 268 1026 322 ΙΙ,
1054 270 1092 322 3,
1127 282 1167 324 p.
1196 271 1264 314 86.
1292 293 1351 301 -—
1377 271 1417 314 C.
1448 269 1621 312 Kraliki
1645 271 1789 313 Boiss.

89 330 444 434 ἓιί.εῇῐῑι1.νὲῐε1ὶοι·.8ἒ[,
467 331 507 383 3,
528 343 568 385 p.
595 331 651 372 84
678 329 820 386 (orma
842 328 1034 383 acaulis).
1054 353 1112 360 —
1135 329 1173 372 C.
1194 328 1630 382 pseudophilostizus
1654 328 1788 372 Godr.

136 463 238 499 Hab.
257 463 296 498 in
316 463 491 499 arenosis
510 462 720 498 maritimis
738 461 884 508 Egypti
901 461 1096 497 inferioris
1117 460 1166 496 ad
1183 460 1363 497 Aboukir
1383 460 1539 507 (Kx-all),
1558 462 1608 497 ad
1625 461 1793 497 Ramleh

90 512 129 546 et
145 510 428 546 Alexandriam
448 509 641 554 (Ehrenbl
661 509 814 545 Samari
832 508 988 554 Gailll).

136 573 273 609 Facies
296 574 331 609 C.
352 571 591 618 sonchz'folz'oe
612 572 681 608 sed
700 571 930 619 phyllorum
949 571 1074 618 spinae
1093 571 1341 616 fasciculatae,
1361 571 1433 607 hac
1454 573 1546 607 nota
1574 572 1720 607 accedit
1744 573 1793 607 ad

91 619 129 657 C.
150 622 322 667 ferocem
340 623 377 656 et
394 620 612 666 praesertim
633 619 669 655 C.
691 619 1002 666 polyacantham
1020 629 1042 654 a
1063 622 1141 665 qua
1158 619 1262 654 foliis
1276 619 1571 654 decurrentibus
1591 620 1795 665 spinisque

90 667 287 703 involucri
307 667 571 713 inaequalibus
592 666 839 712 longioribus
858 666 998 701 differt.

137 731 200 767 Ar.
231 731 361 777 Geoqr.
387 731 519 766 Africa
537 730 709 766 borealis
727 730 778 765 ad
796 729 938 765 Biskra
956 732 993 766 et
1010 729 1229 775 Laghouat‚
1250 732 1286 765 et
1304 730 1345 765 in
1362 739 1482 775 regno
1502 729 1719 765 Tunetano.

154 862 251 904 179.
290 862 344 905 G.
378 859 719 916 lycopifolia
752 859 911 915 (Boiss.
948 864 991 903 et
1013 860 1116 914 Ky.)
1154 859 1252 913 pilis
1279 860 1459 914 septatis
1492 872 1621 914 parce
1650 860 1792 902 obsita

93 921 256 973 virens,
280 920 477 963 caulibus
500 920 657 962 erectis
683 920 750 962 vel
777 918 1113 962 ascendentibus
1141 919 1369 972 fragilibus
1393 918 1603 972 elongatis
1627 918 1794 973 simpli—

93 979 216 1022 cibus
244 981 314 1021 vel
351 990 477 1033 parce
510 979 710 1030 ramosis,
735 978 848 1021 foliis
876 979 901 1019 it
922 978 1155 1021 ferioribus
1193 981 1236 1019 et
1274 978 1547 1020 intermediis
1574 978 1790 1031 petiolatis

92 1038 246 1093 lyratis
273 1038 457 1080 sinubus
481 1038 726 1080 rotundatis
754 1038 990 1090 segmentis
1013 1037 1267 1080 lateralibus
1292 1037 1662 1089 lineari-oblongis
1690 1037 1794 1079 sub-

92 1097 274 1151 integris
302 1096 518 1139 terminali
545 1096 728 1149 oblongo
752 1095 926 1139 dentato
953 1096 1175 1139 interdum
1203 1096 1392 1145 cordato,
1417 1095 1530 1137 soliis
1554 1096 1793 1150 superiori-

96 1157 177 1199 bus
214 1156 352 1198 ovatis
385 1156 453 1197 vel
488 1154 684 1209 oblongis
714 1155 805 1197 basi
842 1156 986 1198 sessili
1024 1155 1273 1207 attenuatis,
1311 1155 1511 1208 capitulis
1541 1155 1794 1209 majusculis

94 1214 300 1258 solitariis
336 1214 446 1257 foliis
483 1215 664 1257 summis
700 1214 925 1257 diminutis
961 1214 1297 1265 subbracteatis,
1339 1213 1555 1256 involucri
1596 1213 1796 1256 araneosi

95 1274 197 1316 ssavi
232 1273 392 1326 phyllis
424 1273 468 1315 in
495 1273 776 1327 appendicem
813 1273 1190 1326 patulo-reflexam
1219 1273 1529 1326 triangularem
1570 1272 1793 1326 palmatim

97 1332 415 1386 7-9-spinosam
444 1332 707 1375 abeuntibus
734 1332 871 1386 spinis
901 1332 1154 1375 lateralibus
1182 1334 1283 1373 area
1323 1331 1506 1374 centrali
1543 1331 1797 1385 appendicis

95 1391 228 1445 duplo
251 1391 520 1445 longioribus
542 1391 759 1433 terminali
782 1391 910 1445 paulo
933 1391 1145 1434 validiore
1168 1394 1210 1432 et
1233 1390 1612 1444 longiore,phyllis
1631 1390 1796 1431 intimis

94 1450 214 1505 apice
253 1451 457 1493 scariosis
488 1450 728 1502 cucullatis,
762 1449 956 1493 flosculis
993 1450 1140 1493 aureis
1166 1450 1240 1492 vix
1274 1450 1566 1501 radiantibus,
1603 1449 1795 1491 acheniis

94 1508 283 1563 pallidis,
309 1510 441 1563 pappi
465 1508 551 1551 albi
574 1509 690 1551 serie
713 1509 953 1564 penultima
981 1509 1159 1552 achenio
1181 1509 1276 1563 ipso
1301 1509 1471 1562 3-4-plo
1496 1507 1697 1550 breviore
1736 1513 1795 1554 26.

142 1591 242 1626 Hah.
255 1592 296 1626 in
307 1592 516 1639 praeruptis
527 1591 651 1638 Syriae
667 1591 836 1628 borealis
848 1592 1056 1627 maritimae
1072 1592 1122 1627 ad
1132 1591 1413 1628 Alexandrette
1429 1591 1793 1636 (Schlumbergerl).

96 1638 146 1674 ad
163 1638 302 1674 Beilan
329 1639 369 1673 in
393 1640 480 1686 ipso
505 1649 608 1685 pago
632 1639 736 1675 2000’
766 1639 856 1684 (Ky.
875 1639 965 1684 651),
983 1639 1034 1674 ad
1060 1649 1206 1685 pagum
1225 1640 1422 1675 Gorumse
1447 1638 1608 1674 ditionis
1627 1637 1795 1673 Cilicicae

95 1684 248 1721 Kassan
268 1685 401 1732 Oghlu
418 1686 523 1722 4200’
542 1686 631 1732 (Ky.
650 1686 788 1733 Suppl.
808 1686 903 1732 992).
925 1687 980 1722 Fl.
999 1686 1089 1721 Jun.

142 1748 286 1785 Caules
304 1750 605 1797 1-1¹l2-pedale8,
628 1750 723 1786 folia
741 1750 973 1786 intermedia
991 1750 1055 1786 3-4
1071 1749 1233 1796 pollices
1251 1749 1383 1796 longa,
1405 1748 1576 1795 capitula
1595 1758 1728 1793 magn.
1754 1746 1795 1782 C.

93 1795 435 1844 sphaerocephalae.

156 1928 252 1970 180.
289 1926 344 1970 C.
370 1927 797 1971 cheiracantha
830 1927 981 1982 (Fenzl
1011 1929 1056 1970 in
1084 1928 1163 1981 Ky.
1203 1939 1293 1970 exs.
1330 1928 1460 1981 1836)
1495 1926 1616 1968 caule
1649 1926 1797 1978 gracili

96 1986 208 2029 elato
237 1986 386 2029 folioso
414 1987 615 2040 angulato
648 1998 858 2029 araneoso
893 1986 1076 2041 simplici
1110 1986 1180 2030 vel
1208 1998 1337 2040 parce
1364 1989 1406 2028 et
1441 1985 1590 2028 stricte
1625 1997 1796 2027 ramoso

100 2045 389 2100 1-3·cephalo‚
416 2045 530 2088 foliis
560 2058 696 2100 supra
723 2045 1099 2099 glabr-escentibus
1132 2046 1287 2089 subtus
1312 2045 1432 2088 canis
1464 2043 1729 2086 radicalibus
1756 2047 1799 2086 et

96 2104 377 2147 inferioribus
422 2104 694 2158 longiuscule
736 2104 954 2158 petiolatis
995 2103 1453 2157 oblongo-lanceolatis
1500 2102 1684 2155 integris
1724 2102 1793 2145 vel

97 2163 258 2217 saepius
285 2162 441 2216 lyratis
475 2164 711 2216 segmentis
735 2163 990 2206 lateralibus
1016 2164 1222 2217 utrinque
1263 2164 1331 2205 1-3
1358 2161 1607 2205 lanceolatis
1631 2164 1798 2203 retror—

97 2222 174 2270 sis,
208 2221 322 2264 foliis
365 2216 670 2276 superioribus
712 2221 1168 2274 oblongo-lanceolatis
1202 2223 1270 2264 vel
1306 2221 1547 2264 linearibus
1583 2220 1796 2273 elongatis

98 2279 189 2323 basi
206 2279 401 2323 breviter
424 2283 468 2323 et
489 2283 673 2333 anguste
690 2281 1042 2331 decurrentibus,
1061 2280 1264 2334 capitulis
1283 2280 1490 2324 solitariis
1510 2279 1607 2321 solio
1626 2290 1796 2321 summo

97 2350 232 2392 parvo
251 2339 482 2382 bracteatis
505 2339 659 2393 ovatis,
674 2339 888 2382 involucri
904 2339 1190 2393 glabriusculi
1210 2339 1368 2393 phyllis
1386 2338 1557 2381 flavidis
1576 2338 1619 2379 in
1638 2348 1797 2391 appen-

97 2397 234 2440 dicem
260 2398 573 2442 fuscescentem
607 2400 994 2452 erecto-patentem
1029 2397 1249 2452 palmatim
1276 2398 1471 2440 breviter
1498 2400 1541 2439 et
1570 2395 1797 2450 aequaliter

99 2456 632 2511 5-7-spinuloso-ciliatam
658 2456 939 2510 abeuntibus,
956 2456 1117 2512 phyllis
1134 2457 1300 2500 intimis
1318 2456 1439 2510 apice
1461 2455 1665 2499 scariosis
1687 2455 1796 2496 lace-

97 2514 175 2565 ris,
201 2515 396 2558 flosculis
421 2515 552 2559 luteis
578 2528 665 2558 non
699 2514 987 2568 radiantibus,
1011 2514 1189 2559 achenio
1220 2515 1436 2569 puberulo
1464 2513 1601 2556 nitido
1637 2513 1795 2563 albido,

96 2573 229 2628 pappi
257 2574 343 2616 albi
367 2574 481 2618 serie
503 2574 747 2629 penultima
770 2574 948 2618 achenio
975 2574 1145 2628 5-6-plo
1171 2574 1374 2616 breviore
1417 2579 1478 2620 36.
1525 2570 1797 2623 Chartolepis

98 2630 377 2685 cheirolopha
398 2633 532 2675 Fenzl
557 2632 603 2675 in
630 2632 779 2675 Tchih.
804 2632 859 2686 II,
883 2646 925 2687 p.
956 2634 1054 2675 324.
1082 2656 1135 2664 ——
1164 2632 1206 2675 C.
1231 2631 1401 2675 Stcvem'
1421 2632 1502 2685 Ky.
1528 2643 1619 2673 exs.

142 2713 242 2749 Hab.
261 2713 303 2749 in
323 2714 498 2750 herbidis
518 2714 628 2750 siccis
647 2714 884 2761 subalpinis,
901 2714 1079 2751 Libanus
1096 2715 1137 2750 in
1156 2715 1288 2750 monte
1312 2712 1431 2749 Sanin
1455 2711 1679 2754 (Ehrenbl)‚
1698 2710 1798 2746 circa

97 2759 192 2796 Deir
208 2759 244 2796 el
263 2760 435 2797 Achmar
459 2764 496 2797 et
522 2761 633 2797 Eden
661 2761 810 2806 (Boissl
831 2761 879 2797 Bl
892 2764 930 2807 l),
948 2763 1056 2807 regio
1082 2761 1277 2808 sylvatica
1294 2760 1439 2796 montis
1459 2759 1587 2794 Cassii
1615 2758 1797 2802 (Boissl),

97 2807 241 2843 montis
259 2809 404 2844 Amani
422 2808 548 2854 (Kyl),
566 2808 722 2845 Taurus
743 2808 924 2845 Cilicicus
943 2809 1034 2855 (Ky.
1055 2809 1119 2845 261
1138 2811 1177 2853 l),
1198 2807 1328 2844 Giilek
1347 2806 1487 2851 (Ball).

141 2872 300 2908 Pedalis
319 2874 356 2908 et
373 2872 670 2918 sesquipedalis,
684 2872 780 2908 folia
794 2872 911 2908 valde
930 2871 1311 2916 variabilia‚caulina
1328 2870 1393 2906 vel
1409 2869 1582 2915 oblonga
1596 2868 1661 2903 vel
1675 2868 1799 2903 linea-

97 2919 156 2955 ria
173 2921 211 2955 et
226 2919 365 2965 pedem
384 2919 593 2954 dimidium
610 2919 730 2965 longa
748 2922 827 2955 tres
843 2919 969 2955 lineas
991 2920 1057 2955 vix
1074 2919 1165 2955 lata.
1186 2917 1485 2954 Characteribus
1504 2919 1542 2952 et
1562 2925 1694 2963 pappo
1716 2915 1800 2950 affi—

97 2966 159 3002 nis
181 2965 220 3003 C.
241 2966 453 3013 lancz'soliae
469 2965 575 3002 foliis
594 2966 744 3012 glabris
763 2966 1011 3003 brevioribus
1031 2966 1194 3012 integris
1212 2965 1416 3001 distinctae.
