2090 3291
251 192 323 229 562
986 205 1231 232 comosrrAE.
1699 200 1955 250 Onopordon.

253 275 577 330 pinnatilobatis
599 275 828 330 partitisve
850 277 960 320 lobis
984 278 1186 331 spinosis,
1207 280 1390 323 caulinis
1409 280 1535 322 valde
1558 280 1784 326 diminutis
1808 285 1962 327 decur-

252 334 468 386 rentibus,
487 335 687 388 capitulis
706 336 871 389 magnis
890 338 959 378 vel
978 336 1274 380 mediocribus
1299 338 1391 381 basi
1414 340 1628 383 truncatis
1648 342 1717 384 vel
1742 344 1964 398 convexis,

250 394 465 435 involucri
484 393 577 435 basi
598 395 697 447 plus
723 394 866 437 minus
888 396 1123 438 tomentosi
1139 397 1300 450 phyllis
1324 398 1367 439 in
1391 398 1541 450 spinas
1562 401 1960 446 semitereti-subu-

251 453 357 494 latas
383 464 583 494 acerosas
610 452 701 494 basi
729 454 939 506 adpre2sa
967 454 1151 508 oblonga
1174 455 1311 498 multo
1339 456 1556 508 longiores
1585 459 1959 512 angustatis,i11ti-

248 512 331 554 mis
368 511 525 553 erectis
560 511 766 554 flosculos
793 512 1029 556 viscidulos
1065 514 1342 567 aequantibus
1376 515 1546 558 caeteris
1585 518 1729 571 patule
1765 521 1958 564 curvatis

249 570 316 611 vel
355 569 548 619 reflexis,
572 570 763 613 acheniis
800 572 958 625 griseis
998 574 1513 627 tetragono-compressis
1550 577 1742 619 tenuiter
1780 579 1957 621 costatis

249 632 500 672 transverse
529 629 702 681 rugosis
728 643 869 684 pappo
897 631 1030 686 duplo
1064 631 1256 685 longiore
1282 632 1502 686 superatis
1536 633 1604 689 Q).
1633 634 1677 677 Ο.
1704 647 1960 679 macraean-

246 687 370 729 thum
390 687 451 728 Fl.
478 686 612 729 Graec.
638 688 714 741 IX,
738 701 778 741 p.
803 690 872 742 23,
895 690 976 732 tab.
1002 692 1086 732 832
1112 703 1199 733 non
1223 690 1432 734 Schousb.
1461 715 1519 722 —
1546 691 1748 735 Cardacas
1776 693 1957 738 Groecus

242 758 413 798 parvus
437 747 601 789 Tourn.
626 745 721 789 Cor,
746 748 813 789 31.
832 773 886 778 —-
909 748 954 790 Ο.
979 749 1182 791 Groecam
1206 750 1268 792 Fl.
1298 750 1444 806 Pelop.
1471 764 1557 794 non
1579 750 1687 795 Gon.
1713 778 1759 782 —
1783 752 1830 795 Ο.
1852 766 1953 796 ara-

244 817 426 847 ozeosum
450 805 588 849 Boiss.
612 806 653 848 in
674 805 831 860 Bourg.
855 808 909 860 pl.
936 809 1046 850 1860
1065 820 1155 850 exs.
1178 810 1337 863 (pforma
1360 809 1736 866 glabrescens.)—
1754 811 1798 854 Ο.
1829 812 1957 855 llseis-

243 863 423 906 siarcum
457 865 586 908 Ascli.
614 866 659 907 in
683 865 816 908 Verh.
848 866 963 909 Zool.
993 867 1084 910 Bot.
1114 866 1210 911 Ges.
1241 868 1383 910 Wien.
1421 870 1529 911 1869
1569 870 1727 923 [forma
1755 872 1955 925 capituliS

242 923 524 980 minoribus).

289 996 389 1032 Hah.
406 997 446 1032 in
465 998 615 1045 campis
634 997 836 1034 sterilibus
855 999 996 1034 Attieae
1016 999 1166 1043 (Heldr.
1186 999 1242 1035 Fl.
1259 1000 1326 1035 Gr.
1347 1010 1428 1035 exs.
1448 1001 1556 1036 1917!
1575 1001 1694 1048 Orpli.
1714 1002 1768 1037 Fl.
1790 1003 1855 1038 Gr.
1875 1013 1953 1040 exs.

241 1044 311 1079 768
329 1045 404 1097 sub
426 1044 468 1081 O.
490 1045 820 1089 Aleoeandrz'nos),
838 1045 1046 1081 Messeni-ee
1066 1047 1113 1081 ad
1134 1047 1361 1082 Methonem
1380 1047 1550 1094 (Boryl)‚
1572 1048 1696 1084 Cretae
1716 1053 1752 1085 et
1772 1050 1955 1098 Archipe-

239 1091 319 1137 lagi
340 1091 512 1137 (sunu),
531 1093 632 1138 Syra
651 1093 845 1138 (WeissO,
862 1092 986 1139 Lycia
1005 1094 1236 1139 adAElmalu
1255 1094 1460 1140 (Bourgl).

296 1156 341 1209 β.
376 1156 743 1199 Alexandrinum.
774 1182 829 1188 ——
856 1158 998 1201 Minus
1033 1162 1342 1211 tomentosum,
1374 1162 1817 1214 araneoso-griseum,
1851 1163 1953 1206 solia

240 1216 462 1259 interdum
492 1217 792 1271 pinnatisecla.
820 1242 875 1247 —
901 1217 945 1259 Ο.
972 1217 1330 1260 Αἶεφαηάνῑηιιφη
1352 1218 1489 1262 Boiss.
1518 1219 1668 1274 Diagn.
1695 1220 1788 1263 Ser.
1821 1222 1853 1273 Ι,
1887 1224 1952 1275 lc,

240 1289 279 1330 p.
309 1277 378 1318 93.
403 1301 459 1305 —
484 1275 528 1318 O.
552 1275 858 1328 carduiforme
881 1276 1020 1319 Boiss.
1047 1277 1198 1330 Diagn.
1223 1278 1300 1320 loc.
1326 1277 1394 1320 cit.
1420 1292 1460 1332 p.
1486 1279 1555 1320 9⁶2.

289 1349 394 1386 Hah.
414 1351 454 1385 in
483 1349 682 1386 Palestina
710 1350 907 1386 maritima
935 1350 985 1386 ad
1003 1351 1109 1387 Gaza
1127 1350 1304 1396 (Boissl),
1323 1351 1496 1398 AEgypto
1514 1352 1694 1388 inferiore
1713 1353 1762 1390 ad
1782 1355 1961 1392 Alexan-

237 1397 365 1432 driam
384 1397 523 1442 (Cadet
540 1397 587 1432 de
608 1397 830 1443 Fontenay!
851 1397 1003 1442 Gaillt).

295 1485 334 1524 y.
368 1464 660 1506 Anatolicum.
686 1488 749 1522 -.
769 1465 904 1506 Valde
931 1476 1100 1516 canum,
1131 1464 1276 1518 phylla
1303 1477 1439 1519 supra
1468 1464 1590 1507 basin
1620 1466 1874 1520 adpressam
1904 1469 1952 1511 in

234 1525 406 1578 spinam
450 1524 698 1566 tenuiorem
735 1523 967 1578 abruptius
1005 1524 1222 1567 abeuntia.
1255 1548 1309 1553 —
1338 1523 1382 1566 Ο.
1414 1523 1695 1566 Anatole'eunz
1732 1525 1867 1570 Boiss.
1905 1530 1948 1570 et

233 1582 382 1625 Heldr.
425 1584 463 1625 ll.
492 1596 581 1626 exs.

281 1656 382 1691 Hah.
395 1596 435 1690 iln
448 1655 618 1692 collibus
634 1656 770 1702 Lydiae
786 1657 837 1693 acl
852 1657 1086 1693 Laodiceam
1100 1656 1281 1701 (BoissNJ,
1293 1655 1452 1692 Pisidiae
1469 1656 1519 1691 ad
1538 1656 1744 1701 Beychehr
1758 1656 1947 1703 (Heler,

232 1703 493 1750 Cappadociae
512 1714 634 1750 prope
652 1704 816 1740 Talasse
834 1704 970 1749 (Ball).

279 1766 418 1802 Planta
445 1766 484 1803 O.
508 1767 668 1813 Illyric-o
695 1769 833 1811 minor,
859 1767 1044 1815 capitulis
1072 1767 1309 1811 minoi-ihm,
1335 1766 1386 1802 ab
1412 1777 1456 1802 eo
1487 1767 1610 1813 spinis
1642 1766 1837 1803 involucri
1867 1778 1948 1803 non

231 1817 384 1849 tantum
403 1815 650 1860 longioribus
669 1815 737 1850 sed
757 1815 1003 1851 tenuioribus
1023 1817 1060 1850 et
1081 1825 1200 1861 supra
1220 1814 1335 1850 basin
1355 1814 1577 1858 angustatis
1597 1814 1790 1859 distincta,
1811 1815 1944 1861 quoad

230 1861 507 1897 indumentum
519 1865 556 1898 et
572 1862 756 1898 foliorum
771 1863 1007 1898 divisionem
1024 1861 1301 1909 polymorpha.
1317 1861 1488 1905 Accedit,
1502 1863 1721 1908 praesertim
1734 1873 1815 1897 var.
1834 1862 1944 1899 Ana-

229 1909 357 1953 tolz‘ca,
378 1910 427 1945 ad
448 1909 480 1945 O
514 1909 745 1955 ambz'yamn
774 1911 881 1957 quod
900 1910 1031 1945 dill'ert
1058 1909 1161 1945 foliis
1190 1909 1380 1944 brevibus
1405 1909 1657 1954 subintegris,
1679 1909 1803 1955 spinis
1821 1910 1942 1946 totius

228 1956 373 2003 plantae
385 1957 630 1994 creberrimis
642 1957 826 1993 tenuibus
839 1957 1045 2002 elongatis,
1057 1956 1250 1992 involucri
1267 1955 1680 2038 phyllisssauciorihus
1696 1967 1815 2003 supra
1825 1956 1943 1993 basin

227 2004 435 2050 abruptius
466 2005 685 2040 contractis.
710 2003 752 2041 O.
779 2003 1114 2041 macraemetlmm
1145 2003 1339 2039 Schousb.
1360 2023 1405 2028 —
1457 2003 1550 2038 oiss.
1576 2003 1670 2048 Voy.
1694 2003 1786 2050 Esp.
1810 2015 1847 2050 p.
1872 2003 1947 2040 358

227 2054 283 2087 est
300 2052 448 2098 species
467 2052 755 2088 diversissima.

272 2115 334 2151 Ar.
355 2115 487 2161 Geoqr.
514 2115 673 2162 Algeria
695 2116 858 2150 interior
879 2117 893 2159 ζ
896 2115 971 2151 sub
992 2114 1032 2151 O.
1055 2113 1273 2161 ambz’yuo).

286 2232 327 2273 9.
365 2230 421 2274 O¹
461 2231 815 2286 ambiguum
848 2230 1045 2284 (Fresen.
1086 2230 1196 2272 Mus,
1237 2228 1392 2271 Senck.
1439 2242 1479 2282 p.
1525 2228 1601 2281 85)
1636 2229 1770 2271 dense
1807 2241 1941 2272 cano--

224 2293 534 2333 tomentosum.
561 2291 683 2333 caule
708 2289 917 2332 mediocri
945 2301 1118 2332 ramoso
1152 2291 1200 2331 ut
1235 2291 1278 2330 et
1304 2287 1412 2329 rami
1445 2288 1523 2330 alis
1551 2288 1752 2341 pluribus
1777 2301 1938 2342 angus-

223 2349 403 2392 tissimis
439 2349 758 2404 multispinosis
784 2349 858 2391 vix
895 2349 1050 2391 lobatis
1077 2347 1334 2399 marginato,
1364 2346 1475 2389 soliis
1506 2347 1655 2401 parvis
1684 2347 1756 2389 vix
1783 2347 1936 2391 Iobatis

222 2410 420 2461 margine
445 2408 713 2452 creberrime
736 2411 779 2451 et
803 2409 995 2451 tenuiter
1018 2407 1156 2461 spinis
1183 2406 1320 2459 longis
1345 2404 1520 2448 flavidis
1542 2406 1797 2459 marginatis
1812 2406 1936 2449 radi-

221 2467 386 2510 calibus
413 2467 830 2521 obovato-oblongis‚
858 2467 1058 2520 capitulis
1093 2464 1391 2508 mediocribus
1427 2465 1621 2518 globosis
1650 2465 1808 2508 subtus
1835 2477 1937 2508 cou-

220 2527 359 2579 vexis,
386 2527 599 2570 involucri
636 2527 797 2581 phyllis
830 2540 853 2568 a
890 2526 983 2568 basi
1007 2525 1218 2579 adpressa
1243 2525 1371 2567 ovata
1400 2523 1649 2567 tomentella
1676 2524 1862 2579 abrupte
1890 2525 1934 2566 in

219 2586 388 2638 spinam
416 2586 663 2629 subtilatam
691 2589 865 2628 tenuem
892 2585 1186 2638 longissimam
1218 2583 1473 2625 intimorum
1508 2587 1696 2625 erectam
1726 2583 1931 2626 flosculos

217 2650 462 2698 {equanlem
488 2645 756 2688 exteriorum
786 2644 1167 2698 patulo-reflexam
1195 2642 1443 2691 contractis,
1468 2642 1659 2684 arbeniis
1687 2645 1936 2695 tetragono-

217 2705 484 2757 comprcssis
512 2708 637 2747 acute
664 2703 841 2746 costatIs
871 2708 1127 2745 transverse
1157 2701 1330 2755 rugosis
1356 2700 1424 2756 .-

263 2777 363 2812 IIab.
389 2778 431 2812 in
458 2777 626 2813 desertis
657 2776 857 2812 Sinaiticis
882 2777 1038 2824 (Rupp.‚
1063 2775 1236 2822 Schimp.
1260 2773 1345 2811 356!
1371 2773 1531 2819 Boias-l),
1559 2775 1598 2810 in
1629 2774 1800 2811 collibus
1831 2775 1932 2810 circa

217 2823 459 2860 Damascum
478 2824 631 2870 (Boissl
650 2824 802 2869 Gailll).

261 2887 403 2924 Pedale
421 2887 485 2923 vel
506 2887 700 2935 bipedale,
719 2888 824 2923 foliis
845 2887 980 2934 parvis
999 2885 1260 2922 subindivisis
1283 2884 1416 2921 crebre
1436 2887 1473 2920 at
1495 2885 1664 2920 tenuiter
1682 2884 1930 2932 {lavinio-spi·

219 2935 320 2968 ‘iosis
342 2935 507 2980 insigne.
522 2935 716 2970 involucri
734 2936 857 2981 spina*
885 2934 991 2970 [2-15
1008 2933 1075 2968 lin.
1091 2933 1236 2978 longae.
1253 2931 1479 2980 Specimina
1499 2931 1746 2976 Algeriensia
1764 2933 1840 2968 sub
1854 2933 1934 2969 hoc

216 2981 372 3017 nomine
391 2982 441 3017 ad
461 2982 502 3018 O.
521 2981 847 3028 Sz’bclzorpz'a‘aemm
865 2981 1072 3017 referenda
1091 2984 1194 3016 sunt.
