2071 3241
101 227 316 265 Anthemzs.
825 235 1071 262 composmAE.
1728 222 1799 259 309

148 308 246 344 Hah.
267 309 306 344 in
325 308 474 355 campis
492 319 516 342 a
530 317 636 343 mare
651 307 808 353 longius
823 307 993 351 remotis,
1003 306 1128 341 Attica
1144 305 1192 340 ad
1208 304 1368 340 Eleusin
1387 305 1424 339 et
1442 302 1799 349 Eumorphoklissa

101 355 286 401 (Helm-1),
305 356 345 390 in
363 355 551 401 Argolide
569 354 696 401 (Orph
710 356 746 400 l),
768 354 935 389 Arcadia
952 353 1002 388 ad
1019 352 1239 399 Tripolizza
1255 350 1396 396 (Heldr
1409 352 1445 395 l).

159 448 198 487 y.
233 428 530 472 Heracleotica
554 429 691 471 Boiss.
720 431 762 470 et
789 427 936 469 Heldr.
964 427 1114 480 Diagn.
1142 425 1235 469 Ser.
1263 426 1314 479 11,
1338 426 1379 478 3,
1402 438 1441 478 p.
1466 425 1534 466 ΞΟ.
1560 448 1615 453 —-
1642 422 1796 467 Caules

101 489 354 542 abbreviati,
395 488 631 542 pedunculi
671 487 797 530 valde
838 486 1080 538 incrassati,
1116 486 1319 529 foliorum
1363 485 1526 526 laciniae
1568 483 1795 538 pauciores

101 548 377 600 abbreviatae,
404 546 591 601 capitula
616 546 787 588 minora
813 545 957 599 ligulis
984 545 1261 587 abbreviatis.

147 621 250 658 Hah.
266 622 308 657 in
324 631 410 656 cam
441 621 474 656 is
493 620 683 656 montosis
698 619 835 654 Atticae
853 618 902 653 ad
917 618 1149 654 Heracleam
1165 617 1314 662 (Heldr.
1330 617 1448 652 Herb.
1465 617 1597 652 Norm.
1618 616 1669 652 Νο
1678 614 1749 650 502
1758 615 1797 659 l),

99 671 139 705 in
157 672 288 704 monte
307 632 521 714 Lycassetto
540 667 710 714 (Orphl).

145 731 285 767 Caules
305 730 563 776 semipedales
582 733 649 766 aut
666 730 733 766 vix
748 730 956 775 longiores,
975 729 1015 763 in
1033 739 1116 764 var.
1134 742 1164 775 γ.
1183 728 1450 776 tripollicares.
1466 727 1569 762 Inter
1584 725 1796 761 varietates

99 781 347 815 enumeratas
364 778 476 814 nulla
492 778 721 813 discrimina
739 777 930 822 graviora,
950 776 1073 823 paleae
1093 779 1130 811 et
1149 776 1313 811 achenia
1331 774 1492 811 omnino
1511 773 1660 810 eadem.

142 842 203 877 Ar.
227 842 360 887 Geoqr.
387 840 528 886 Sicilia,
543 840 655 876 Italia
672 840 866 876 australis.

156 975 223 1017 66.
240 974 302 1017 A.
321 976 661 1017 tomentosa
685 972 826 1029 (Urv.
844 973 995 1016 Enum.
1025 986 1063 1027 p.
1099 974 1191 1015 113.
1213 997 1265 1002 ——
1289 973 1337 1015 L.
1355 972 1426 1025 Sp.
1454 972 1515 1013 Pl.
1535 970 1609 1012 Ed.
1635 972 1653 1012 Ι
1681 975 1725 1013 et
1754 970 1794 1012 ΙΙ

97 1045 175 1076 nec
200 1032 315 1087 Syst.
338 1032 434 1075 Nat.
456 1033 531 1074 Ed.
552 1033 634 1075 XII
658 1044 737 1075 nec
758 1030 927 1081 Gouan)
946 1033 1045 1086 plus
1069 1032 1212 1074 minus
1235 1031 1368 1074 dense
1388 1029 1796 1073 tomentoso—lanata

97 1107 121 1136 a
146 1092 252 1134 collo
280 1091 548 1145 pluricaulis,
574 1092 770 1134 caulibus
804 1090 1167 1134 decumbentibus
1194 1091 1262 1133 vel
1288 1089 1624 1133 ascendentibus
1649 1088 1793 1130 brevi-

96 1152 178 1194 bus
196 1150 355 1193 crassis
373 1150 640 1194 divaricatim
664 1150 862 1202 ramosis,
886 1150 999 1192 foliis
1017 1149 1164 1203 parvis
1184 1150 1227 1191 in
1255 1151 1477 1202 segmenta
1495 1160 1633 1202 pauca
1656 1160 1792 1200 parva

97 1210 277 1253 obovata
300 1210 368 1252 vel
402 1209 585 1263 oblonga
611 1210 779 1263 integra
813 1210 879 1251 vel
903 1208 1128 1263 pauciloba
1149 1207 1504 1263 pinnatipartitis‚
1532 1205 1790 1260 pedunculis

97 1268 306 1311 brevibus
332 1268 507 1311 demum
525 1268 792 1320 incrassatiS‚
814 1267 1033 1311 involucri
1054 1266 1185 1310 lanati
1208 1267 1371 1322 phyllis
1389 1269 1473 1308 ext.
1502 1265 1637 1308 acutis
1658 1264 1794 1307 inter-

95 1328 164 1369 nis
187 1327 352 1370 obtusis
379 1327 500 1382 apice
537 1326 752 1375 scariosis,
776 1327 1036 1380 receptaculi
1064 1326 1347 1369 ovato-conici
1371 1325 1506 1379 paleis
1535 1325 1618 1366 late
1643 1324 1792 1366 oblon-

95 1386 159 1439 gis
179 1386 297 1440 apice
324 1386 509 1440 abrupte
532 1386 765 1428 attenuatis
791 1385 1056 1429 mucronatis
1079 1388 1239 1440 praeter
1261 1397 1446 1427 nervum
1466 1384 1648 1426 rubrum
1676 1382 1794 1424 albo-

96 1444 297 1498 hyalinis‚
324 1445 467 1499 ligulis
493 1445 601 1487 alb1s
635 1444 859 1488 sterilibus
902 1445 1020 1488 disco
1062 1444 1354 1495 brevioribus,
1389 1443 1580 1486 acheniis
1609 1440 1792 1484 laevibus

95 1503 248 1546 albidis
282 1504 473 1547 obsolete
508 1504 673 1547 striatis
716 1504 909 1547 externis
947 1503 1194 1559 praesertim
1246 1502 1546 1556 subangulatis
1586 1500 1790 1543 omnibus

93 1563 212 1615 apice
235 1562 410 1617 oblique
436 1564 645 1606 truncatis
668 1565 711 1604 et
734 1566 893 1617 praeter
916 1566 1095 1606 externa
1112 1562 1257 1605 rarius
1274 1562 1469 1614 margine
1494 1563 1676 1613 angusto
1696 1558 1791 1600 uni-

96 1620 260 1664 laterali
282 1621 438 1665 donata
460 1622 593 1665 calvis
615 1626 680 1672 Θ.
707 1623 756 1663 Α.
781 1622 1017 1674 pereyrz‘na
1033 1621 1062 1675 β
1090 1620 1267 1663 hirsuta
1289 1633 1369 1663 uc.
1392 1619 1550 1662 Prodr.

140 1695 240 1730 Hab.
254 1697 295 1731 in
313 1696 440 1731 arenis
459 1696 673 1731 maritimis
693 1696 854 1731 Graeciae
867 1695 917 1730 ad
936 1695 1171 1730 Corinthum
1185 1694 1326 1738 (Heldr
1341 1695 1348 1729 l
1366 1693 1473 1740 Orph
1485 1695 1509 1728 ll
1528 1696 1566 1728 et
1583 1692 1790 1728 Lechaeum

94 1741 266 1789 (Orphl),
284 1742 503 1778 Thessaliae
524 1743 574 1778 ad
593 1743 775 1778 Caterina
794 1742 919 1789 (Orph
932 1744 972 1786 l),
990 1742 1134 1778 insulae
1163 1741 1302 1777 Samos
1322 1741 1478 1785 (Urvi),
1497 1740 1624 1776 Rhodi
1646 1740 1789 1783 (Auch.

93 1789 203 1825 3259!
220 1789 401 1836 Bourgl),
419 1790 597 1836 Smyrnae
617 1790 715 1833 iBal.
734 1801 814 1826 exs.
833 1790 894 1825 281
913 1790 988 1825 sub
1006 1790 1056 1824 A.
1077 1786 1320 1836 peregrinet),
1343 1788 1472 1833 Lyciae
1491 1787 1642 1833 (Bourg
1656 1788 1694 1829 l).

139 1852 263 1888 Valde
291 1853 418 1889 affinis
443 1853 491 1888 A.
510 1853 731 1900 pereyrz‘nae
748 1856 786 1888 et
803 1853 935 1888 forsan
959 1853 1042 1899 ejus
1066 1853 1234 1888 varietas
1253 1851 1381 1897 magis
1403 1850 1788 1893 tomentosodanata,

94 1899 275 1935 foliorum
296 1900 450 1936 laciniae
468 1901 670 1947 pauciores
689 1901 897 1936 crassiores
917 1900 1148 1941 obtusiores‚
1166 1899 1290 1946 paleae
1309 1898 1473 1933 latiores
1493 1908 1614 1933 nervo
1631 1897 1787 1942 elegan-

93 1949 149 1982 ter
176 1946 295 1982 fusco.
327 1947 501 1983 Achenia
531 1949 571 1983 in
604 1948 789 1983 omnibus
816 1947 1099 1993 speciminibus
1133 1947 1354 1982 observatis
1388 1946 1529 1992 praeter
1557 1944 1787 1981 Urvilleana

94 1994 255 2030 omnino
273 1994 399 2030 calva.

139 2122 159 2142 *
185 2122 204 2142 *
231 2123 250 2141 *
276 2124 449 2159 Achenia
459 2123 616 2169 (saltem
635 2124 822 2160 interiora
837 2124 898 2159 vel
911 2125 1087 2168 externa)
1101 2123 1221 2159 latere
1242 2123 1394 2158 interno
1415 2121 1589 2157 auricula
1608 2132 1742 2158 eorum

279 2171 483 2207 dimidiam
500 2171 788 2217 longitudinem
807 2174 986 2218 aequante
1001 2170 1065 2208 vel
1083 2171 1137 2206 eis
1160 2170 1384 2217 aequilonga
1404 2171 1597 2216 superata.

152 2288 219 2330 67.
254 2287 317 2331 A.
348 2285 793 2341 melampodina
830 2286 953 2341 (Del.
991 2285 1054 2327 Fl.
1093 2286 1166 2340 Eg.
1198 2297 1236 2338 p.
1267 2285 1376 2335 351,
1413 2285 1500 2327 tab.
1533 2284 1586 2325 45
1606 2317 1614 2331 ,
1637 2284 1705 2336 fig.
1733 2283 1791 2338 Ι.)

95 2347 300 2401 adpresse
323 2348 565 2389 tomentosa
590 2357 708 2396 cana,
736 2345 931 2388 caulibus
959 2359 983 2388 a
1009 2345 1117 2388 collo
1147 2343 1347 2398 pluribus
1375 2342 1638 2385 abbreviatis
1661 2342 1791 2384 diffu-

93 2405 154 2448 sis
178 2406 276 2459 plus
300 2405 446 2447 minus
469 2404 668 2457 ramosis,
700 2404 813 2447 foliis
836 2404 983 2457 parvis
1015 2403 1177 2446 ambitu
1221 2401 1588 2454 lineari-oblongis
1611 2402 1654 2442 in
1685 2400 1788 2444 laci-

91 2465 185 2507 nias
210 2464 368 2507 breves
393 2463 773 2517 lineari-oblongas
807 2467 1080 2505 mucronalas
1104 2462 1322 2516 simplices
1349 2461 1418 2504 vel
1443 2460 1613 2503 trifidas
1636 2459 1789 2513 pinna-

90 2523 309 2577 tipartitis‚
336 2521 595 2577 pedunculis
619 2521 828 2565 brevibus
853 2533 937 2563 non
963 2521 1232 2568 incrassatis,
1256 2519 1457 2574 capitulis
1482 2519 1788 2570 mediocribus,

90 2581 304 2624 involucri
336 2580 660 2623 hirsuto-lanati
694 2580 854 2635 phyllis
887 2580 1081 2623 externis
1108 2579 1301 2622 breviter
1329 2577 1575 2620 lanceolatis
1599 2577 1789 2620 acutius-

92 2640 200 2683 culis
222 2639 407 2683 internis
432 2639 628 2692 oblongis
648 2639 816 2682 obtusis
839 2639 958 2692 apice
981 2637 1472 2691 scariosis‚receptaculi
1496 2636 1632 2679 conici
1653 2635 1788 2689 palcis

92 2698 284 2751 oblongis
314 2698 517 2742 carinatis
559 2698 744 2752 abrupte
783 2697 1113 2751 mucronulatis⁷
1149 2697 1293 2750 ligulis
1332 2696 1441 2738 albis
1481 2695 1679 2738 femineis
1706 2696 1788 2737 late

91 2757 227 2800 ovatis
251 2757 367 2801 disco
394 2756 762 2809 sublongioribus‚
783 2757 887 2799 tubo
911 2756 1190 2799 flosculorum
1218 2754 1578 2809 globoso-inflato,
1597 2753 1786 2796 acheniis

91 2815 322 2859 turbinatis
341 2815 634 2860 exterioribus
661 2814 1060 2870 subquadrangulis
1088 2815 1280 2857 obsolete
1305 2810 1591 2864 tuberculatis
1610 2812 1788 2855 interio-

91 2873 213 2916 ribus
240 2875 421 2917 laevibus
462 2874 667 2916 omnibus
704 2874 945 2916 introrsum
977 2874 1173 2916 auricula
1206 2872 1372 2915 laterali
1414 2872 1601 2925 oblonga,
1633 2871 1787 2914 obtusa

91 2933 266 2976 achenio
288 2934 531 2987 aequilonga
560 2933 627 2974 vel
650 2933 845 2986 longiore
870 2933 1098 2975 instructis
1130 2936 1194 2982 Θ.

135 3003 236 3041 Hah.
254 3006 295 3041 in
308 3006 472 3042 desertis
490 3005 651 3053 AEgypti
669 3006 719 3041 ad
733 3004 923 3041 Kahiram
937 3005 1057 3050 (Del,
1072 3005 1195 3040 Wiest
1210 3004 1297 3040 552!
1317 3004 1391 3050 Ky.
1409 3004 1526 3051 4071),
1547 3005 1649 3041 inter
1664 3005 1787 3042 Kahi-
