2912 4368
422 667 630 714 Asperula.
1157 677 1378 702 RumAeEAE.
2071 668 2120 703 39

483 750 548 790 ΞΕ).
582 749 641 791 A.
667 746 861 790 nitida
882 747 1038 801 (Sibtli.
1056 747 1115 789 Fl.
1136 746 1271 789 Graec.
1290 748 1343 800 11,
1362 762 1400 801 p.
1426 749 1490 794 19,
1510 748 1592 789 tab.
1622 749 1722 801 124)
1741 747 1954 800 cespitosa
1970 748 2119 800 glabra

422 807 566 849 rarius
606 807 776 848 liirtella
813 806 1002 848 siccitate
1037 807 1289 858 nigrescens
1327 807 1569 859 pulvinaris
1607 807 1739 847 raniis
1775 806 1949 857 pinnilis
1987 807 2121 849 dense

422 866 586 907 foliosis
614 865 796 907 floribus
821 865 1017 918 capitatis
1041 878 1063 906 e
1087 865 1247 917 cespite
1270 878 1356 906 non
1378 866 1564 906 exsertis
1589 866 1654 907 vel
1683 865 1961 916 subclongata
1988 865 2119 907 ramis

420 923 625 966 floriferis
638 924 845 965 flexuosis
859 927 900 964 et
913 924 1069 964 florum
1087 923 1313 964 verticillis
1337 926 1405 965 1-3
1419 924 1753 969 remotiusculis,
1766 924 1878 964 foliis
1894 925 2119 976 quaternis

421 982 661 1024 linearibus
699 982 977 1024 subincurvis
1016 982 1059 1022 in
1097 982 1273 1023 aristam
1311 982 1497 1023 albidani
1534 982 1766 1024 attenuatis
1804 995 1938 1023 nervo
1978 982 2118 1025 valido

422 1042 577 1083 subtus
610 1041 849 1092 instructis,
878 1041 1103 1082 floralibus
1121 1041 1367 1082 lanceolatis
1384 1041 1587 1091 aristatis,
1614 1041 1783 1082 corollae
1801 1052 1937 1082 roseze
1960 1041 2120 1092 glabrae

421 1101 489 1141 vel
514 1100 696 1142 liii-tollae
722 1100 824 1141 tubo
853 1098 960 1140 lobis
987 1100 1236 1141 lanceolatis
1260 1100 1396 1141 acutis
1424 1099 1545 1153 apice
1562 1100 1730 1140 callosis
1755 1100 1886 1152 duplo
1913 1100 2116 1152 longiore,

420 1160 613 1201 antlieris
640 1158 835 1210 oblongis
861 1158 1192 1210 nigricantibus,
1211 1158 1357 1200 orario
1382 1158 1529 1210 glabro
1554 1158 1718 1199 minute
1741 1159 1971 1209 granuloso
1999 1165 2057 1205 26.

467 1230 565 1266 Hab.
585 1232 624 1267 in
647 1230 805 1276 regione
825 1230 958 1277 alpina
977 1230 1137 1276 Olympi
1159 1230 1322 1275 Bithyni
1340 1230 1492 1275 (snitu,
1514 1230 1638 1265 Auch.
1659 1231 1754 1271 (5911,
1778 1231 1922 1274 Boissi,
1941 1231 2063 1266 Clein.
2078 1234 2117 1276 Ε).

475 1304 518 1358 β.
544 1304 731 1345 leirtella.
761 1329 811 1333 -
844 1304 948 1346 Tota
973 1304 1144 1345 hii-teila
1178 1308 1380 1346 caeteruni
1415 1307 1517 1358 typo
1555 1304 1723 1353 similis,
1752 1304 2012 1347 condensata
2049 1307 2118 1347 vel

418 1364 552 1405 ramis
577 1363 885 1416 subelongatis.

464 1436 564 1471 Hab.
585 1437 623 1471 in
642 1436 801 1480 regione
821 1436 1014 1482 superiori
1034 1436 1179 1471 montis
1194 1435 1321 1482 Sipyli
1340 1435 1475 1481 Lydia:
1494 1435 1624 1479 (Boiss
1637 1437 1674 1481 i).

470 1499 624 1545 Species
644 1499 683 1533 in
704 1498 850 1534 eisdem
870 1499 964 1533 locis
984 1498 1144 1533 varians
1163 1508 1265 1533 nana
1283 1498 1400 1533 dense
1419 1498 1624 1544 pulvinata
1642 1499 1802 1534 floribus
1828 1511 1847 1534 e
1871 1500 2015 1545 cespite
2039 1511 2119 1535 non

420 1547 589 1582 exsertis
622 1546 688 1581 vel
716 1546 836 1580 ramis
859 1546 1039 1581 floriferis
1066 1545 1401 1591 1-4-pollicaribus
1435 1546 1760 1581 decumbentibus
1792 1550 1936 1582 reinote
1968 1547 2116 1583 foliosis

419 1593 621 1629 flexuosis,
651 1593 793 1628 Forma
811 1593 1031 1639 pulvinaris
1057 1592 1095 1626 in
1123 1592 1240 1627 Flora
1264 1593 1400 1628 Graio-51
1426 1593 1576 1639 depicta
1600 1594 1740 1628 similis
1760 1597 1818 1628 est
1836 1595 1885 1628 A.
1904 1594 2018 1629 luteo)
2036 1605 2119 1629 var.

417 1640 626 1687 pulvinari
650 1650 698 1675 ex
730 1640 931 1675 montibus
967 1639 1130 1674 Graecia)
1160 1643 1329 1685 quacum
1357 1650 1461 1686 saepe
1494 1641 1657 1675 cunfusa
1686 1642 1759 1675 fuit
1784 1641 1849 1675 sed
1876 1641 1959 1675 haec
1992 1641 2121 1677 differt

417 1687 580 1723 corollis
609 1687 764 1722 sordide
788 1687 1262 1731 flavido-rubescentibus,
1279 1686 1381 1721 lobis
1400 1687 1583 1737 oblongis
1601 1687 1696 1723 tubo
1718 1688 1834 1734 triplo
1856 1688 2117 1723 brevioribus.

478 1803 546 1843 30.
580 1802 645 1844 A.
671 1801 933 1851 Pontica,
955 1804 1167 1855 cespitosa
1194 1802 1488 1855 glabriuscula
1511 1803 1646 1844 nitida
1671 1803 1858 1844 siccitate
1882 1804 2117 1857 nigricans,

415 1861 551 1904 ramis
577 1861 783 1903 tenuibus
806 1861 980 1914 pumilis
999 1861 1133 1902 dense
1152 1861 1327 1911 foliosis,
1346 1862 1457 1903 foliis
1481 1862 1706 1915 quaternis
1733 1861 1972 1904 linearibus
1999 1864 2117 1904 elon—

415 1920 525 1974 gatis
556 1921 601 1963 in
630 1931 885 1961 mucronem
911 1920 1103 1962 albidum
1135 1920 1364 1961 incurvum
1398 1920 1659 1962 abeuntibus
1698 1921 2117 1974 patulo-subl'alcatis

414 1979 611 2031 margine
636 1979 709 2020 vix
733 1978 958 2031 revolutis,
990 1978 1148 2020 florum
1174 1979 1388 2021 fasciculis
1417 1979 1612 2032 capitatis
1638 1992 1661 2021 e
1686 1979 1847 2032 cespite
1874 1980 1945 2021 vix
1969 1993 2117 2022 exser-

415 2037 486 2090 tis,
517 2038 629 2080 foliis
664 2037 888 2079 floralibus
926 2037 1121 2080 breviter
1155 2038 1399 2079 lanceolatis
1438 2038 1573 2080 acutis
1605 2038 1751 2081 ovaria
1784 2039 2113 2092 superantibus,

418 2096 591 2138 corollae
621 2108 758 2138 roseae
795 2095 954 2149 glabrae
990 2096 1097 2138 lobis
1135 2096 1273 2138 oratis
1312 2097 1619 2139 obtusiosculis
1648 2098 1767 2151 apice
1800 2098 1972 2139 callosis
2010 2098 2115 2140 tubo

414 2156 577 2197 sensim
586 2155 789 2209 ampliato
802 2154 984 2209 2¹s2-plo
1003 2155 1292 2207 brevioribus,
1303 2156 1449 2198 orario
1460 2155 1606 2208 glabro
1619 2157 1784 2198 minute
1797 2158 2029 2209 granuloso
2054 2164 2112 2205 36.

460 2228 560 2262 Hab.
580 2228 620 2262 in
639 2229 796 2273 regione
820 2228 954 2274 alpina
983 2229 1194 2274 superiore,
1228 2239 1411 2264 cacumen
1442 2229 1587 2264 montis
1620 2229 1967 2275 Bousdouandagh
1999 2230 2115 2266 Ponti

413 2274 542 2310 Laziei
560 2285 681 2322 supra
699 2275 943 2311 Khabakhar
961 2275 1026 2312 alt.
1046 2275 1150 2310 SOOO’
1170 2276 1303 2320 (Bali).

459 2337 609 2374 Similis
630 2338 766 2374 formae
788 2339 1034 2374 condensat-„e
1052 2339 1103 2374 A.
1126 2339 1262 2374 nitidae
1279 2340 1347 2374 sed
1372 2338 1467 2374 folia
1491 2340 1671 2385 longiora
1695 2343 1737 2375 ut
1761 2344 1797 2375 et
1822 2340 1986 2375 bracteae
2005 2342 2113 2387 apice

413 2387 644 2421 mucronata
662 2395 732 2421 nec
750 2386 867 2432 longe
883 2387 1057 2431 aristata,
1079 2386 1235 2422 corollae
1256 2386 1338 2421 lobi
1352 2386 1436 2421 tubi
1454 2388 1703 2433 proportione
1722 2387 1931 2422 breviores.

473 2508 538 2549 31.
574 2507 633 2550 A.
666 2507 982 2551 lilaciflora
1015 2508 1177 2563 (Boiss.
1210 2507 1360 2561 Diagn.
1395 2508 1488 2550 Ser.
1516 2509 1546 2559 Ι,
1575 2510 1613 2562 3,
1648 2523 1687 2563 p.
1716 2510 1790 2563 33)
1825 2510 1915 2551 basi
1950 2510 2112 2553 sufsru-

412 2569 609 2619 tescens,
654 2567 849 2609 caulibus
901 2567 984 2609 sub
1034 2568 1147 2609 lente
1199 2567 1461 2609 scabridulis
1511 2568 1846 2611 ascendentibus
1899 2570 2109 2622 elongatis

411 2625 606 2667 infractis
633 2625 780 2679 patule
805 2627 1003 2680 ramosis,
1037 2626 1148 2669 soliis
1174 2626 1401 2681 quaternis
1432 2629 1761 2681 erecto-patulis
1792 2629 1955 2670 strictis
1979 2629 2111 2670 linea-

411 2682 536 2726 ribus
562 2685 685 2737 longe
709 2684 1146 2728 aristam-attenuatis
1173 2697 1309 2727 nervo
1338 2686 1495 2728 subtus
1525 2687 1666 2729 valido
1705 2687 1985 2729 inferioribus
2013 2698 2113 2729 con-

411 2743 559 2795 gestis,
581 2743 796 2785 fasciculis
824 2744 1062 2796 plurissoris
1085 2744 1295 2799 oppositis
1319 2744 1598 2787 inferioribus
1623 2747 1925 2799 pedunculatis
1944 2746 2112 2787 caeteris

411 2802 641 2844 sessilibus
688 2803 925 2845 verticillos
974 2806 1166 2846 remotos
1212 2814 1337 2845 secus
1384 2816 1527 2847 ramos
1570 2805 1880 2857 formantibus,
1925 2805 2112 2846 bracteis

410 2858 605 2913 oblongis
644 2861 767 2913 longe
805 2862 1023 2914 aristatis,
1061 2862 1234 2904 corollae
1272 2874 1435 2914 magnae
1471 2863 1652 2905 lilacinae
1678 2864 1974 2905 subscribi-ida]
2011 2863 2111 2905 tubo

409 2916 519 2960 loliis
557 2920 808 2962 lanceolatis
845 2920 981 2963 acutis
1025 2921 1143 2974 apice
1182 2921 1354 2963 callosis
1388 2922 1757 2974 patulo-recurvis
1791 2922 1862 2964 vix
1905 2922 2112 2975 longiore,

409 2977 570 3019 ovariis
599 2978 1017 3031 granulato—scabris
1046 2985 1104 3027 26.
1130 2979 1183 3022 A.
1209 2991 1390 3021 acerosa
1414 2979 1456 3021 G.
1481 2981 1598 3023 Koch
1627 2981 1750 3023 Linn.
1779 2980 1897 3033 XIX,
1916 2994 1956 3034 p.
1975 2981 2049 3022 31!

410 3102 414 3106 ἱ
456 3056 558 3093 Hah.
584 3058 627 3093 in
657 3058 825 3095 collibus
856 3059 906 3095 ad
938 3060 1053 3095 basin
1083 3059 1257 3106 Mesogis
1287 3060 1328 3095 in
1356 3060 1482 3106 Lydia
1515 3071 1634 3107 prope
1663 3062 1846 3097 Dervend
1873 3061 2053 3106 (Boiss!),
2071 3061 2113 3096 in

409 3100 599 3150 Bithynia
615 3105 781 3150 (Thirke
792 3108 835 3151 ι).
863 3106 924 3142 Fi.
940 3106 1016 3142 Jui

470 3178 513 3232 β.
548 3179 774 3231 cespitosa.
815 3205 869 3210 ——
904 3180 1133 3234 Humffior,
1172 3182 1316 3224 caules
1360 3183 1575 3236 palmares
1611 3182 1830 3236 simplices
1870 3183 1940 3225 vel
1985 3194 2113 3236 parce

413 3238 906 3338 ramofii3357intermediis
932 3240 986 3282 ad
1011 3244 1165 3294 typum
1186 3240 1358 3282 transit.
1380 3264 1437 3272 —
1462 3242 1514 3283 A.
1539 3241 1754 3294 cespitosa
1773 3242 1912 3284 Boiss.
1942 3242 1987 3284 in
2021 3241 2111 3283 Bal.

408 3305 500 3338 exs.
646 3329 655 3338 .

456 3367 560 3403 Hab.
577 3368 618 3404 in
639 3369 807 3406 collibus
825 3371 983 3407 incultis
1005 3371 1056 3407 ad
1075 3371 1239 3408 Ouchak
1258 3371 1441 3418 Phrygiae
1459 3372 1561 3417 (Bal.
1580 3373 1672 3408 1146
1682 3375 1717 3418 !).

455 3430 597 3467 Planta
616 3433 700 3477 ¹l2-1
726 3433 891 3480 pedalis,
919 3434 1016 3470 folia
1040 3434 1105 3470 5-8
1128 3434 1254 3471 lineas
1281 3434 1400 3482 longa
1429 3436 1608 3472 acumine
1636 3436 1782 3472 lineam
1809 3436 1940 3483 longo,
1965 3436 2115 3473 corolla
