2095 3206
222 190 269 227 76
963 200 1190 227 RUBIACEAE.
1739 191 1901 229 Galium
1910 220 1920 228 .

224 273 828 330 capituliformibus.bracteis
851 275 1102 318 numerosis
1124 277 1255 319 flores
1274 274 1683 330 subsuperantihus‚
1705 276 1925 330 pedicellis

223 336 331 377 flore
357 333 740 383 subbrevioribus,
780 333 952 376 corollae
987 333 1271 377 fuscescentis
1306 334 1466 387 glabra}
1501 335 1570 376 vel
1599 337 1725 377 extus
1753 336 1928 379 liirtulae

224 392 334 435 lobis
365 392 560 446 oblongis
595 392 790 434 breviter
826 393 1344 443 attenuato—acuminatis,
1374 394 1517 436 fructu
1552 393 1718 436 minuto
1758 395 1925 438 minute

225 451 496 494 tuberculato
524 451 673 504 glabro
700 452 768 493 vel
794 451 908 493 hirto
938 455 1003 501 Θ.

273 525 373 559 Hah.
396 525 434 559 in
454 524 568 559 cultis
588 526 625 559 et
644 524 787 558 vinetis
804 525 981 561 Arcadiae
1001 524 1154 570 (Bory)‚
1169 525 1369 570 Argolidis
1390 526 1529 572 (Orph.
1547 525 1604 560 Fl.
1623 526 1689 561 Gr.
1708 536 1790 562 exs.
1811 527 1929 573 1822),

223 571 361 624 Atti-cte
397 571 586 652 (ἓρνιιηῑ),
615 571 656 629 in
687 571 841 628 saxosis
861 571 1062 617 Lycabetti
1092 574 1128 607 et
1159 583 1278 618 prope
1304 573 1540 626 Heracleam
1562 573 1704 617 (Heldr
1718 575 1754 618 !),
1784 574 1924 628 insulae

222 619 413 710 ἱξᾶἓὲῗὲ.
441 617 744 699 gldgigiibubeae
762 618 906 664 (bprun
921 621 957 664 ἱ),
975 620 1099 655 Cretae
1114 619 1165 654 ad
1184 619 1340 655 Khama
1351 621 1469 664 (Raul
1480 622 1504 666 l)
1519 621 1556 656 et
1570 630 1690 666 prope
1706 620 1925 666 Cydoniam

270 727 425 773 Species
440 727 602 762 floribus
622 727 795 762 breviter
811 727 1056 775 pedicellatis
1072 729 1112 764 in
1129 730 1299 775 capitula
1318 730 1392 776 pisi
1408 729 1680 775 magnitudine
1694 730 1758 765 vel
1772 730 1925 766 minora

223 775 471 810 condensatis
502 775 601 808 inter
625 775 760 809 affines
783 775 963 820 insignis,
988 786 1012 811 a
1032 775 1079 812 G.
1099 776 1332 823 ‚qlomeratm
1350 778 1568 823 campestri
1591 780 1630 812 et
1653 776 1776 813 Bovez'
1797 778 1925 813 colore

223 821 356 856 herbae
377 822 592 859 exsiecatw.
617 832 640 856 a
663 821 820 856 duobus
850 822 1047 867 prioribus
1076 824 1232 860 corollae
1257 824 1360 860 lobis
1387 834 1466 860 non
1484 823 1662 869 setiferis,
1677 834 1700 858 a
1718 825 1926 870 posteriori

224 868 348 913 cymis
375 868 490 913 longe
508 868 783 914 pedunculatis
801 869 997 905 distincta.

288 992 355 1032 78.
390 989 452 1033 G.
480 991 1095 1045 Hierosolymitanum
1131 993 1197 1046 (L.
1238 994 1309 1047 Sp.
1341 996 1420 1037 156
1460 1000 1503 1039 et
1544 995 1650 1038 herb
1665 996 1690 1047 l)
1732 1009 1925 1039 annuum

224 1050 421 1104 glabrum
465 1051 535 1091 vel
579 1051 726 1103 patule
767 1051 1014 1103 hirtellum‚
1058 1053 1253 1095 caulibus
1299 1054 1611 1107 quadrangulis
1652 1055 1705 1096 ad
1745 1055 1928 1107 angulos

221 1113 468 1152 retrorsum
492 1108 704 1151 scabridis
727 1110 826 1163 plus
852 1111 1000 1152 minus
1023 1112 1148 1154 elatis
1171 1112 1386 1165 rigidulis.
1402 1114 1534 1155 ramis
1561 1113 1766 1155 floriferis
1793 1126 1927 1167 oppo-

224 1168 319 1210 sitis
346 1167 588 1220 paniculam
614 1168 852 1221 elongatam
876 1169 1190 1220 formantibus,
1220 1171 1333 1213 soliis
1357 1172 1522 1213 7-8-nis
1549 1172 1930 1226 elliptico-lanceo-

224 1226 322 1269 latis
347 1227 614 1268 mucronatis
640 1227 834 1279 margine
857 1231 900 1270 et
919 1228 972 1270 ad
996 1241 1179 1271 nervum
1207 1230 1647 1273 aculcolato-scabris,
1669 1231 1926 1283 pedunculis

221 1284 501 1337 capillaribus
525 1285 808 1338 trichotomis,
832 1287 968 1339 cymis
986 1289 1307 1341 consertissoris‚
1330 1289 1443 1331 foliis
1463 1289 1684 1331 floralibus
1699 1303 1723 1331 a
1743 1289 1926 1331 floribus

223 1343 547 1386 remotiusculis
571 1344 722 1398 eisque
744 1345 1034 1399 brevioribus,
1055 1347 1276 1400 pedicellis
1299 1349 1480 1390 setaceis
1504 1348 1612 1389 flore
1637 1348 1926 1401 sublongiori-

222 1403 320 1451 bus
349 1403 519 1445 corollae
543 1403 701 1456 pallide
724 1404 990 1448 ocllroleucae
1017 1406 1189 1448 hirtulae
1217 1407 1283 1448 vel
1309 1407 1468 1459 glabrae
1491 1405 1597 1449 lobis
1628 1408 1671 1448 in
1700 1407 1925 1461 cuspidem

224 1464 436 1504 setaceam
465 1461 527 1503 eis
573 1462 903 1505 subbreviorem
943 1463 1226 1512 abeuntibus,
1271 1466 1415 1507 fructu
1453 1466 1620 1507 minuto
1661 1466 1810 1519 glabro
1858 1466 1925 1507 vel

222 1519 393 1573 hispido
417 1524 480 1570 Ε).
509 1519 556 1562 G.
585 1520 929 1572 traeleycmthum
952 1524 1090 1565 Boiss
1117 1527 1159 1565 et
1176 1523 1283 1566 Hoh.
1303 1524 1454 1577 Diagn.
1474 1524 1566 1567 Ser.
1594 1525 1626 1578 Ι,
1646 1526 1688 1576 3,
1708 1538 1748 1579 p.
1770 1526 1924 1566 156.—

223 1578 270 1621 G.
297 1578 572 1621 Philistaemn
601 1579 737 1622 Boiss.
766 1580 916 1634 Diagn.
946 1581 1040 1625 Ser.
1065 1582 1098 1633 Ι,
1126 1584 1192 1633 10,
1221 1596 1260 1637 p.
1291 1584 1358 1624 71.

267 1653 366 1688 Hal).
383 1654 421 1688 in
443 1653 633 1699 lapidosis
653 1655 848 1690 umbrosis
863 1655 1012 1692 Ciliciae
1029 1657 1080 1692 ad
1096 1659 1297 1693 Anamour
1314 1658 1498 1702 (Peronin
1509 1660 1546 1703 1),
1563 1658 1688 1703 syriae
1707 1658 1756 1693 ad
1773 1658 1925 1704 Aleppo

219 1699 311 1745 (Ky.
331 1701 446 1744 2442),
468 1712 588 1747 prope
612 1701 826 1745 Berythum
851 1703 963 1747 (Ehr!
992 1704 1104 1739 Boiss
1114 1706 1139 1750 l)
1163 1709 1199 1740 et
1217 1705 1402 1740 Sidonem
1433 1705 1512 1750 (ΒΗ
1543 1705 1696 1751 Gailll),
1714 1705 1926 1742 Palestinae

219 1748 320 1783 circa
339 1748 540 1794 Naplouse
561 1752 598 1784 et
624 1759 744 1795 prope
763 1750 912 1786 Gazam
929 1751 1105 1797 (Boissi).
1134 1752 1192 1787 Fl.
1210 1753 1298 1788 Jun.

264 1821 390 1856 Affine
414 1821 458 1857 G.
477 1822 652 1866 capitato
673 1822 803 1857 differt
825 1823 937 1859 caule
961 1823 1115 1859 elatiori
1144 1834 1248 1870 saepe
1278 1824 1408 1870 pedali
1433 1825 1609 1870 opposite
1636 1825 1924 1869 ramoso-pani-

220 1868 349 1903 culato
369 1878 437 1903 nec
464 1868 707 1912 dichotomm
738 1868 844 1904 soliis
877 1870 1099 1909 latioribus.
1129 1871 1255 1917 cymis
1274 1871 1325 1906 ob
1345 1872 1552 1918 pedicellos
1577 1872 1774 1916 longiores
1792 1871 1924 1907 laxius

219 1916 410 1960 capitatis,
439 1915 524 1950 basi
553 1918 706 1951 tantum
735 1916 758 1951 2
783 1916 950 1953 bracteis
974 1918 1163 1954 brevibus
1190 1919 1332 1954 obsitis
1360 1929 1429 1954 nec
1452 1918 1568 1964 longe
1595 1918 1923 1965 pluribracteatis,

215 1962 362 1998 corolla
382 1962 539 2007 longius
558 1963 774 2009 cuspidata.

283 2089 348 2129 79.
384 2086 441 2129 G.
478 2087 754 2131 Cassium
795 2088 955 2144 (Boiss.
997 2090 1150 2144 Diagn.
1190 2091 1282 2133 Ser.
1324 2092 1365 2143 Ι,
1418 2092 1492 2138 10,
1535 2103 1572 2143 p.
1615 2089 1691 2144 68)
1727 2102 1923 2133 annuum

219 2146 430 2200 glabrum,
457 2147 656 2189 caulibus
695 2149 852 2190 erectis
890 2149 1082 2191 tenuiter
1123 2149 1398 2192 filiformibus
1436 2149 1636 2202 rigidulis
1665 2149 1756 2191 fere
1779 2162 1801 2190 a
1830 2148 1923 2192 basi

219 2205 462 2247 dichotome
486 2210 527 2248 et
555 2206 825 2249 divaricatim
857 2207 1168 2251 ramosissimis
1195 2209 1459 2250 effusissime
1492 2208 1776 2262 corymbosis,
1810 2208 1923 2252 foliis

219 2263 386 2306 6·S-nis
406 2264 574 2306 obtusis
598 2264 770 2307 muticis
794 2266 987 2319 margine
1004 2267 1217 2310 revolutis
1237 2267 1449 2310 scabridIS
1472 2267 1632 2321 patulis
1648 2267 1717 2309 vel
1741 2267 1924 2310 deflexis

215 2322 380 2365 infimis
404 2322 855 2377 elliptico-linearibus
882 2325 1050 2367 caeteris
1077 2328 1259 2380 anguste
1284 2326 1536 2377 linearibus,
1568 2326 1794 2368 floralibus
1819 2325 1923 2369 sub-

217 2381 424 2424 solitariis
452 2384 574 2436 cyma
598 2382 859 2437 plerumque
876 2383 1169 2438 brevioribus,
1192 2386 1327 2438 cymis
1350 2384 1603 2427 axillaribus
1622 2387 1664 2427 et
1683 2385 1924 2427 terminali-

215 2441 298 2482 bus
326 2441 629 2494 pcdunculalis
655 2441 1111 2496 umbellulii'ormibus⁷
1128 2443 1387 2498 pedunculis
1406 2443 1716 2497 pedicellisque
1739 2444 1923 2494 setaceis

215 2498 377 2553 glabris
403 2498 517 2541 hisce
545 2500 652 2541 flore
679 2500 913 2555 fructuque
946 2502 1020 2544 vix
1052 2502 1344 2556 longioribus,
1386 2502 1556 2545 corollae
1581 2502 1741 2556 pallide
1770 2503 1922 2545 ochro—

214 2557 349 2600 leucae
375 2557 535 2610 glabrae
558 2559 706 2600 ovario
732 2559 937 2614 longioris
961 2564 1003 2603 et
1039 2561 1204 2604 latioris
1237 2562 1349 2604 lobis
1383 2561 1578 2614 oblongis
1608 2560 1920 2604 obtusiusculis

214 2617 401 2669 musteis,
427 2617 569 2660 fructu
595 2617 804 2672 adpresse
838 2622 881 2661 et
907 2619 1101 2663 breviter
1133 2620 1367 2674 striguloso
1402 2619 1470 2663 vel
1504 2620 1604 2674 pilis
1641 2619 1780 2673 longis
1809 2619 1921 2662 albis

215 2674 516 2718 subuncinaffls
542 2677 714 2731 hispido
744 2681 806 2728 Ε),

262 2746 362 2782 Hab.
383 2748 433 2783 ad
451 2749 599 2784 radices
617 2749 739 2785 Tauri
758 2750 906 2786 Cilicici
924 2751 1015 2796 (Ky.
1031 2750 1117 2788 2352
1135 2752 1305 2789 mixtum
1323 2763 1414 2788 cum
1431 2752 1478 2788 G.
1494 2756 1646 2790 setae-eo
1663 2751 1811 2788 lasioca

213 2793 263 2828 ad
287 2793 502 2830 Bouloukli
532 2806 652 2843 prope
683 2797 857 2833 Mersina
884 2798 1030 2843 (Ball),
1063 2800 1102 2834 in
1128 2800 1326 2835 umbrosis
1357 2799 1504 2835 montis
1531 2799 1659 2835 Cassii
1683 2752 1920 2844 Syriaerssggf

212 2840 392 2885 (Boissl),
412 2842 451 2876 in
474 2842 624 2878 Libano
641 2855 760 2891 supra
780 2844 998 2890 Berythum
1019 2845 1141 2891 (Gaill
1154 2849 1180 2891 !)
1204 2849 1243 2882 et
1258 2847 1446 2882 Sidonem
1465 2846 1529 2891 (Bl
1542 2849 1579 2891 l).

259 2912 400 2949 Planta
429 2914 727 2960 3-7-pollicaris,
752 2916 849 2952 folia
874 2920 1045 2962 angusta
1070 2918 1209 2954 brevia
1238 2921 1277 2954 et
1302 2918 1546 2954 characteres
1571 2916 1614 2954 G.
1630 2917 1812 2955 setacez‘a
1839 2928 1921 2963 quo

212 2958 342 2995 differt
356 2961 462 2996 foliis
483 2961 616 2998 minus
634 2963 831 3009 tenuibus
851 2965 973 3000 ramis
992 2964 1260 3011 rigidioribus,
1271 2965 1397 3011 cymis
1416 2965 1468 3001 ob
1485 2964 1697 3012 pedicellos
1716 2965 1918 3001 breviores
