2066 3296
129 253 363 291 Centaurea.
862 263 1106 290 COMPOSITAE.
1763 253 1831 289 651

187 335 230 389 β.
256 333 601 387 brevispinas—
618 335 840 378 involucri
859 336 997 389 spinae
1015 335 1278 377 abbreviatae
1298 335 1588 377 rectiusculae.
1609 359 1664 364 ——
1683 333 1723 376 C.
1744 334 1833 386 spi-

128 405 239 435 nosa
265 393 438 436 Griseb.
470 393 582 448 Spic.
607 406 692 436 non
720 394 768 435 L.

175 466 276 501 Hab.
296 466 335 501 in
354 466 583 502 Macedonia
601 466 756 511 (Frivl),
774 477 894 513 supra
910 467 1072 502 Vodena
1086 466 1259 512 (Orphl),
1274 466 1421 501 Tauria
1435 465 1563 510 (MB,
1576 465 1834 512 S¹-Supery!)‚

128 513 285 548 Tataris
303 512 558 559 Isurajdicta
575 513 768 559 pabulum
787 514 952 548 ovinum
969 513 1194 559 hybernum
1212 513 1372 559 praebet.

176 576 314 610 Affinis
340 575 375 611 C.
399 576 568 622 vz‘ryatae
587 587 668 611 var.
689 587 926 623 squarrosoe,
954 576 1093 623 phylla
1119 576 1158 611 in
1187 577 1324 622 spinas
1352 575 1565 611 validiores
1591 575 1835 610 lanceolatas

129 622 327 667 longiores
342 623 442 658 ciliis
458 623 721 659 validioribus
736 623 953 669 spinulosis
970 624 1190 659 intertextis
1207 623 1404 658 abeuntia.
1426 623 1462 658 C.
1484 622 1707 669 parvzflora
1726 623 1832 658 Desf.

129 669 313 704 Africana
331 669 460 705 differt
479 669 694 706 rhizomate
712 673 755 705 ut
782 670 939 706 videtur
957 671 1131 716 perenni,
1145 670 1325 706 caulibus
1344 671 1500 716 parcius
1517 671 1697 714 ramosis,
1716 669 1832 716 phyl-

127 715 257 751 lorum
275 717 400 762 spinis
422 717 609 752 brevibus
628 718 826 753 uncinatis
844 717 1023 763 ciliisque
1047 717 1248 762 brevibus,
1267 717 1441 752 acheniis
1462 718 1661 763 papposiS.

176 779 239 814 Ar.
264 780 394 824 Geogr.
422 779 565 815 Bossia
580 779 782 815 australis.

191 911 258 951 79.
292 909 344 952 C.
380 909 724 965 microlepis
760 910 915 964 (Boiss.
946 910 990 951 in
1022 909 1176 962 Bourg.
1209 909 1271 950 Pl.
1307 909 1448 963 Lyciae
1483 907 1614 963 1860)
1642 921 1664 950 e
1692 909 1830 950 rhizo-

128 972 240 1010 mate
266 968 468 1010 indurato
491 969 763 1023 pluricaulis,
788 968 985 1010 caulibus
1008 968 1251 1010 virentibus
1272 968 1464 1010 tenuiter
1491 967 1669 1020 virgatis
1693 981 1715 1009 a
1741 968 1830 1010 basi

127 1027 278 1069 stricte
316 1027 625 1070 ramosissimis
662 1028 756 1069 laxe
796 1026 1337 1080 paniculato-corymbosis
1368 1026 1680 1080 polycephalis,
1718 1026 1832 1069 soliis

128 1085 348 1140 punctatis
382 1086 578 1138 angustis
617 1086 882 1128 radicalibus
916 1085 1033 1128 canis
1071 1085 1287 1138 petiolatis
1322 1085 1832 1139 lyrato-pinnatipartitis

129 1144 296 1185 laciniis
322 1144 574 1187 lateralibus
603 1146 677 1186 2-4
708 1148 890 1198 anguste
917 1144 1157 1186 linearibus
1180 1144 1398 1186 terminali
1423 1146 1603 1196 anguste
1630 1145 1835 1195 oblongo-

130 1203 387 1252 lanceolata‚
433 1203 547 1245 foliis
591 1204 774 1246 caulinis
818 1202 1194 1256 glabrescentibus
1240 1203 1525 1244 inferioribus
1568 1202 1610 1243 in
1657 1202 1834 1244 lacinias

128 1274 289 1316 paucas
333 1265 514 1314 anguste
550 1262 997 1304 lanceolam-lineares
1036 1262 1338 1316 pinnatisectis
1376 1262 1544 1303 caeteris
1585 1264 1628 1302 et
1672 1261 1833 1303 rameis

130 1320 371 1362 linearibus
416 1320 644 1370 indivisis,
692 1321 894 1374 capitulis
941 1320 1148 1365 solitariis
1200 1320 1468 1374 pedicellatis
1522 1320 1834 1372 angustissime

128 1379 586 1432 oblongo-cylindricis
613 1380 880 1434 paucissoris,
907 1379 1120 1421 involucri
1145 1378 1282 1432 glabri
1306 1379 1467 1432 phyllis
1486 1378 1707 1432 adpressis
1732 1379 1835 1420 sub-

130 1437 295 1480 striatis
322 1438 460 1480 ovatis
488 1442 531 1480 et
559 1438 756 1491 oblongis
783 1438 951 1480 obtusis
981 1438 1154 1480 muticis
1184 1438 1438 1480 membrana
1469 1438 1644 1491 hyalina
1678 1437 1834 1480 decur—

129 1496 242 1537 renti
268 1507 460 1549 superne
485 1497 528 1538 in
557 1497 653 1539 cilia
677 1497 937 1539 brevissima
960 1497 1193 1539 lanceolata
1220 1497 1325 1539 fissa
1344 1497 1612 1549 marginatis,
1638 1496 1834 1538 flosculis

131 1555 271 1597 roseis
293 1556 365 1597 vix
391 1556 677 1607 radiantibus,
707 1568 846 1609 pappo
869 1555 1168 1610 (aclieniorum
1189 1555 1432 1609 juniorum)
1457 1556 1654 1607 elongato
1688 1562 1748 1602 36.

180 1628 280 1664 Hah.
300 1629 339 1663 in
359 1639 475 1676 rupes
493 1629 657 1665 collium
674 1640 796 1676 prope
814 1629 969 1664 Elmalu
991 1629 1123 1674 LycIae
1144 1629 1340 1674 (Bourg!].
1364 1629 1418 1664 Fl.
1439 1629 1532 1664 Jun.

178 1690 378 1737 Bipedalis
397 1692 668 1727 ramosissima
682 1692 826 1734 stricta,
848 1691 944 1726 folia
964 1691 1154 1726 radicalia
1171 1690 1235 1726 2-2
1248 1691 1520 1737 ¹s2-pollicaria
1538 1694 1741 1735 segmento
1763 1693 1837 1726 ter-

131 1738 269 1773 minali
283 1738 347 1773 643
364 1738 491 1774 lineas
508 1738 824 1785 long0‚capitula
841 1738 1031 1781 5-7-flora,
1049 1738 1298 1773 involucrum
1317 1739 1340 1773 4
1356 1738 1484 1773 lineas
1505 1738 1680 1783 longum.
1700 1738 1836 1773 Facies

133 1783 173 1819 C.
190 1786 369 1831 vz'rfsatoe,
388 1786 440 1821 ab
457 1789 500 1821 ea
519 1788 556 1821 et
572 1786 757 1821 affinibus
775 1785 926 1832 phyllis
946 1785 1100 1820 obtusis
1120 1786 1278 1820 muticis
1297 1785 1492 1820 distincta.

192 1915 262 1956 80.
289 1915 343 1958 C.
371 1915 615 1970 virgata
640 1914 778 1970 (Lam.
804 1914 914 1957 Dict.
939 1914 971 1967 I,
997 1927 1037 1968 p.
1063 1913 1168 1968 670)
1186 1913 1396 1967 adpresse
1420 1913 1665 1968 pubescens
1690 1923 1838 1954 canes-

131 1985 235 2015 cens
263 1974 331 2015 vel
359 1973 594 2023 virescens,
625 1974 822 2016 caulibus
850 1973 1006 2016 erectis
1037 1972 1253 2026 angulatis
1284 1973 1435 2026 rigidis
1460 1972 1668 2014 tenuibus
1694 1985 1716 2012 a
1743 1971 1836 2012 basi

132 2032 201 2074 vel
225 2043 418 2088 superne
442 2032 680 2086 composite
705 2032 966 2086 paniculatis
992 2033 1126 2073 ramis
1161 2031 1499 2085 erecto-patulis,
1530 2030 1641 2072 folus
1672 2029 1839 2072 radica-

132 2089 246 2133 libus
271 2091 489 2144 petiolatis
517 2091 679 2145 saepius
706 2091 914 2145 adpresse
942 2094 984 2133 et
1005 2091 1197 2133 tenuiter
1220 2090 1339 2132 canis
1367 2090 1409 2132 in
1438 2089 1617 2131 lacinias
1644 2089 1835 2131 lineares

134 2148 357 2202 elongatas
390 2149 600 2203 pinnatim
631 2149 698 2192 vel
736 2150 992 2204 bipinnatim
1025 2149 1154 2191 sectis
1191 2149 1340 2191 infimo
1376 2149 1589 2190 alterutro
1613 2147 1835 2189 interdum

102 2241 105 2246 .
134 2208 317 2261 oblongo
354 2208 559 2261 indiviso,
595 2209 778 2251 caulinis
810 2208 1039 2251 sessilibus
1072 2208 1266 2250 breviter
1297 2206 1533 2261 paucilobis
1567 2210 1609 2248 et
1642 2205 1839 2259 integris,

134 2267 296 2309 rameis
318 2267 508 2309 minimis
531 2267 953 2321 squamael'ormibus,
976 2266 1177 2320 capitulis
1204 2266 1508 2320 pedunculatis
1536 2265 1743 2308 solitariis
1772 2263 1839 2305 vel

135 2324 250 2367 binis
273 2326 422 2378 parvis
446 2329 627 2378 anguste
652 2325 1111 2379 oblongo-cylindricis
1137 2325 1404 2379 paucissoris,
1430 2324 1645 2366 involucri
1678 2322 1839 2377 phyllis

138 2383 342 2426 scariosis
378 2385 670 2427 subcoriaceis
705 2385 854 2438 parvis
885 2384 967 2427 sub
997 2385 1111 2426 lente
1138 2384 1361 2437 pruinosis
1396 2383 1535 2426 ovatis
1569 2386 1612 2424 et
1647 2382 1841 2423 breviter

136 2441 596 2495 oblongo-lanceolatis
636 2443 852 2497 profunde
890 2447 932 2485 et
976 2443 1224 2496 pectinatim
1261 2442 1534 2485 albo-ciliatis
1564 2440 1739 2495 pallidis
1774 2440 1839 2481 vel

136 2500 258 2553 apice
282 2501 539 2554 spliacelatis
559 2513 766 2544 mucrone
783 2502 1002 2544 terminali
1023 2504 1141 2544 recto
1165 2501 1272 2544 ciliis
1290 2502 1363 2543 vix
1388 2499 1597 2542 validiore
1619 2502 1662 2540 et
1679 2499 1841 2552 saepius

137 2558 355 2611 breviore,
377 2559 572 2602 flosculis
594 2561 735 2603 roseis
761 2559 1132 2609 subradiantibus,
1155 2560 1346 2602 acheniis
1372 2559 1483 2601 radii
1523 2559 1685 2611 saepius
1711 2569 1842 2611 epap-

138 2617 257 2670 posis
282 2617 389 2660 disci
414 2619 620 2673 papposis
648 2620 764 2662 serie
791 2618 1052 2662 intermedia
1081 2619 1258 2661 achenio
1289 2618 1509 2671 subduplo
1536 2616 1742 2659 breviore
1780 2621 1839 2663 36.

185 2689 290 2725 Hab.
317 2691 356 2726 in
382 2693 619 2736 graminosis
645 2693 807 2729 collium
834 2693 963 2739 Lyciae
986 2703 1105 2746 prope
1124 2691 1283 2727 Elmalu
1304 2691 1468 2737 (Bourg.
1495 2701 1575 2726 exs.
1597 2691 1683 2725 1511
1704 2690 1779 2725 sub
1806 2689 1842 2725 C.

144 2735 456 2783 Carz'ensz'var.)‚
480 2740 521 2774 in
547 2740 658 2775 siccis
679 2740 808 2786 Lyciae
828 2741 915 2785 (nec
941 2740 1156 2784 Armemae)
1178 2739 1367 2774 Michaux
1390 2740 1429 2774 in
1461 2748 1534 2773 nc.
1557 2737 1697 2782 berbi),
1722 2747 1843 2783 prope

139 2784 288 2818 Aintab
312 2787 351 2820 et
372 2785 415 2820 in
442 2785 730 2833 Mesopotamia
755 2787 805 2822 ad
825 2787 1005 2822 Kharran
1031 2785 1260 2831 (Hausskl)‚
1278 2787 1379 2821 inter
1403 2784 1614 2821 Diarbekir
1636 2787 1672 2819 et
1697 2783 1844 2819 Suerek

138 2829 230 2875 (Ky.
246 2830 333 2867 327!
355 2860 361 2867 .

200 2895 244 2949 β.
273 2834 533 2949 squcarrosa.
555 2921 612 2929 -
637 2898 856 2940 Involucri
880 2897 1026 2951 phylla
1045 2898 1088 2939 iu
1109 2896 1278 2950 spinam
1302 2895 1558 2939 validiorem
1580 2895 1690 2938 ciliis
1711 2895 1846 2937 inter-

140 2954 244 2996 dum
264 2954 396 3008 duplo
420 2956 658 3009 longiorem
683 2957 875 3010 patulam
901 2957 970 2998 vel
997 2959 1270 2998 recurvatam
1296 2955 1513 2997 abeuntia.
1539 2978 1586 2985 -
1620 2952 1666 2995 C.
1687 2965 1847 3006 squar-

141 3023 246 3054 rosa
272 3013 339 3054 W.
364 3013 437 3068 Sp.
460 3014 534 3065 III,
556 3028 597 3070 p.
624 3016 752 3058 2319.
