2066 3296
133 223 312 261 Cirsz‘um.
864 233 1100 258 composrrAE
1760 230 1832 267 533

134 307 176 348 in
202 305 419 360 spinulam
453 303 755 346 brevissimam
783 303 1163 358 adpressissimam
1190 306 1402 347 abeuntia.
1441 333 1491 336 —
1529 311 1567 349 (J.
1604 309 1830 350 Persicum

139 364 274 407 Boiss.
302 364 451 416 Diagn.
477 362 570 404 Ser.
594 362 626 415 Ι,
650 363 690 413 6,
715 376 754 416 p.
788 363 883 403 103.

182 437 280 473 Hah.
301 436 351 471 ad
370 436 518 471 radices
537 436 683 470 montis
703 435 791 470 Kub
814 435 949 470 Daena
968 436 1110 471 Persiae
1131 438 1314 472 australis
1335 438 1424 484 (ΚΥ.
1448 440 1559 484 71131).

182 500 337 547 Species
358 499 462 535 foliis
481 498 732 544 glaberrimis
756 499 915 545 pallidis
941 500 1075 534 nitidis
1095 499 1278 535 elevatirn
1298 503 1475 536 nervosis
1497 507 1531 537 et
1549 503 1678 537 crebre
1702 503 1830 548 longe-

134 558 210 595 que
231 547 402 594 spinosis
423 546 602 591 insignis,
624 547 796 592 capitula
819 546 975 581 variant
1001 546 1273 592 rnzgnitudin(¹
1293 549 1400 582 nucis
1424 560 1554 595 parvae
1574 553 1610 584 et
1629 550 1829 585 avellanae.

193 682 262 722 ⁹22.
297 680 349 723 C.
385 679 687 721 munitum
721 678 846 732 (MR.
886 678 1016 720 Taur.
1054 678 1179 721 Cauc.
1218 679 1272 723 ll.
1313 694 1348 732 p.
1386 681 1488 735 279)
1525 682 1644 722 caule
1685 685 1828 724 erecto

132 739 442 793 monoceplialo
459 738 604 780 rarius
624 738 1046 791 ‘2-3·cephalo,f01iis
1065 750 1200 791 supra
1218 739 1414 791 strigosis
1433 739 1588 781 subtus
1607 752 1830 781 araneoso-

129 798 473 841 canescentibus.
494 796 756 838 radicalibus
782 796 1001 848 petiolatis
1031 797 1278 839 lanceolatis
1300 798 1343 839 in
1371 798 1546 840 lacinias
1574 799 1830 840 lanceolatas

129 857 357 911 bipartitas
392 857 592 909 spinosas
619 854 974 909 pinnatipartitis‚
1003 855 1183 897 caulinis
1215 855 1406 909 oblongis
1441 856 1825 910 amplexicaulibus

132 916 303 970 longius
320 914 691 969 spinoso-Iobatis,
709 914 897 966 capitulo
922 915 1138 956 terminali
1163 915 1349 956 maximo
1373 915 1698 968 heniispbaerico
1719 915 1830 957 soliis

132 975 357 1017 floralibus
395 973 852 1025 oblongo-lanceolatis
892 972 1047 1015 Iobatis
1086 977 1129 1015 et
1166 974 1355 1027 spinosis
1390 974 1520 1015 flores
1559 973 1829 1027 aequantibus

132 1034 200 1077 vel
230 1033 505 1075 brevioribus
531 1032 748 1074 bracteato
790 1032 1005 1074 involucri
1029 1033 1122 1074 laxe
1145 1032 1418 1074 araclinoidei
1445 1032 1600 1085 phyllis
1626 1032 1831 1074 lanceola-

131 1093 187 1135 tis
213 1093 256 1134 in
285 1092 433 1146 spinas
462 1094 617 1133 tennes
644 1090 826 1132 ssavidas
853 1092 1076 1144 elongatas
1104 1094 1270 1134 erectas
1298 1090 1557 1133 abeuntibus
1581 1090 1635 1145 (2)
1660 1092 1725 1132 vel
1761 1090 1830 1137 Ἠ

185 1166 288 1201 Hal).
315 1166 354 1200 in
373 1164 595 1211 subalpinis
616 1167 653 1199 et
680 1163 823 1210 alpinis
841 1165 955 1200 Ponti
978 1164 1104 1199 Lazici
1131 1175 1177 1199 su
1208 1175 1247 1199 ra
1271 1164 1405 1208 Djimil
1426 1163 1647 1207 (Hausskl),
1671 1163 1830 1198 Caucasi

128 1212 265 1249 Iberici
281 1212 331 1248 ad
350 1212 457 1248 rivos
476 1213 516 1246 in
535 1211 624 1258 alpe
644 1211 864 1247 Kaischaur
882 1214 919 1246 et
940 1211 990 1246 ad
1011 1222 1134 1265 pagos
1195 1211 1259 1246 obi
1279 1214 1315 1246 et
1341 1210 1514 1245 Kasbeck
1534 1210 1590 1253 (M
1612 1211 1669 1254 131,
1691 1210 1830 1254 Hohl),

130 1260 177 1296 ad
198 1260 362 1296 fluvium
382 1261 554 1304 Aragwa
581 1261 618 1294 et
648 1259 778 1294 rivum
801 1258 1021 1294 Kadscbori
1042 1268 1174 1305 propae
1195 1258 1306 1293 Tissis
1324 1258 1494 1304 (Ruprl),
1513 1257 1688 1292 Causaso
1707 1258 1830 1292 orien-

132 1307 200 1342 tali
220 1307 389 1354 (Ruprl).

191 1380 235 1433 β.
270 1378 613 1432 eriocephalam.
633 1403 686 1408 —
711 1378 958 1434 Capitulum
987 1379 1123 1421 dense
1158 1379 1367 1429 lanatum,
1394 1379 1489 1420 solia
1526 1377 1680 1420 subtus
1717 1389 1830 1431 saepe

131 1439 462 1495 glabrescentia.
488 1438 640 1480 Forma
665 1451 687 1479 a
713 1442 816 1493 typo
840 1438 911 1481 vix
937 1438 1153 1480 distincta.
1179 1462 1233 1467 ——
1263 1438 1302 1479 C.
1327 1435 1702 1487 maer-oromatum
1727 1435 1826 1478 CA.

132 1499 240 1552 Mey.
266 1499 418 1541 Enum.
446 1511 484 1552 p.
510 1498 608 1538 640.

131 1572 346 1664 (CHAainlin
377 1572 467 1618 alpe
498 1570 735 1616 Tus-„indagh
764 1569 929 1605 Caucasi
961 1569 1161 1605 orientalis
1190 1570 1291 1604 inter
1322 1570 1538 1614 fragmenta
1569 1568 1701 1603 schisti
1729 1567 1831 1603 9000’

175 1635 184 1640 κ
233 1637 256 1654 ‚i
322 1648 328 1653 .

223 1727 231 1735 .
265 1694 564 1734 tomentosum.
594 1715 650 1720 -—
683 1691 885 1744 Undique
925 1691 1136 1745 adpresse
1174 1694 1608 1738 tomentoso-canum‚
1647 1687 1831 1740 capitula

132 1765 184 1796 su
218 1752 400 1794 minora.
431 1776 462 1781 --
506 1752 546 1793 C.
575 1752 865 1792 tomentosum
893 1748 987 1791 CA.
1023 1749 1131 1803 Mey.
1158 1750 1313 1792 Enum.
1344 1762 1381 1802 p.
1412 1750 1480 1789 69.

180 1827 280 1862 Hab.
302 1827 342 1861 in
368 1826 526 1871 regione
551 1824 687 1871 alpina
706 1824 869 1859 Caucasi
896 1823 1100 1858 orientalis
1118 1822 1347 1859 &300290'20'
1365 1822 1413 1861 (C
1432 1823 1461 1856 Α
1483 1821 1619 1866 Meyt),
1638 1820 1677 1854 in
1700 1821 1830 1853 monte

132 1873 359 1919 Dindidagh
378 1877 415 1908 et
435 1872 484 1908 ad
503 1872 629 1919 Djulti
644 1871 765 1906 'l'cba'i
782 1870 1065 1916 Daghestaniae
1086 1880 1208 1917 usque
1226 1870 1275 1905 ad
1291 1869 1394 1905 6500·
1412 1867 1646 1903 descendens
1663 1867 1828 1911 (Ruprl).

177 1937 362 1985 Capitula
383 1947 529 1982 magna
557 1946 681 1972 ovum
701 1945 805 1981 saepe
828 1935 1039 1981 aequantia,
1058 1935 1098 1969 in
1118 1944 1201 1968 var.
1224 1946 1245 1978 γ
1262 1933 1407 1979 saepius
1426 1932 1587 1973 minora,
1607 1930 1687 1964 baec
1706 1930 1829 1963 fornia

132 1996 250 2032 quam
271 1985 364 2020 olim
385 1994 474 2020 cum
493 1994 574 2019 var.
593 1985 811 2018 tomentosa
833 1981 868 2017 C.
889 1981 1076 2028 Iappaeez'
1094 1980 1249 2016 confudi
1277 1980 1328 2015 ab
1355 1983 1399 2015 ea
1418 1979 1543 2013 ‹lium-t
1563 1977 1672 2012 caule
1697 1986 1831 2011 mono-

133 2033 194 2068 vel
213 2030 497 2078 oligocephalo,
515 2030 698 2077 capitulis
719 2030 873 2074 magnis
892 2029 1090 2075 depressis
1109 2028 1233 2064 hemis
1266 2027 1428 2061 baffi-icis.
1452 2026 1490 2060 In
1512 2025 1605 2059 locis
1627 2023 1827 2058 demissio-

130 2079 240 2114 ribus
259 2080 378 2125 hujus
397 2089 479 2114 var.
498 2081 727 2113 tomentosae
747 2077 790 2112 cl.
809 2076 1007 2123 Ruprecbt
1024 2074 1196 2122 capitula
1212 2085 1234 2109 o
1281 2074 1463 2108 antheras
1483 2072 1614 2106 effetas
1633 2071 1708 2104 fere
1728 2080 1828 2104 sem-

130 2137 200 2173 per
218 2127 387 2162 feminea
409 2125 648 2161 observavit.
671 2124 889 2159 Occurrunt
907 2124 943 2158 in
965 2122 1053 2158 coll.
1075 2122 1122 2157 cl.
1144 2121 1483 2167 Rupreehtformae
1507 2117 1684 2164 capitulis
1706 2117 1829 2151 mino-

129 2174 237 2210 ribus
265 2172 603 2209 numerosioribus
630 2172 720 2218 plus
750 2172 881 2206 minus
904 2171 1083 2205 distincte
1105 2169 1311 2204 bracteatis
1331 2168 1367 2202 in
1393 2166 1590 2201 montibus
1613 2163 1830 2209 Daghesta·

131 2222 207 2256 niae
227 2224 263 2256 et
280 2221 501 2256 Tuschetiae
522 2219 632 2256 lectae
651 2220 688 2254 et
706 2219 806 2254 inter
828 2217 868 2253 C.
891 2222 1087 2253 mmmmm
1105 2219 1142 2251 et
1160 2216 1280 2251 aliam
1299 2215 1463 2261 speciem
1485 2212 1668 2258 hybridae.

190 2351 257 2392 23.
295 2351 348 2394 C..
386 2349 730 2405 cephalotes
764 2348 925 2401 (Boiss.
956 2348 1106 2400 Diagn.
1137 2346 1228 2387 Ser.
1257 2346 1288 2397 I,
1312 2346 1351 2395 6,
1377 2357 1413 2397 p.
1451 2344 1546 2395 102)
1577 2341 1696 2383 caule
1718 2340 1829 2381 elato

132 2410 376 2452 canescenti
406 2408 715 2462 monocephalo
749 2407 894 2450 rarius
922 2406 1175 2460 tricepbalo,
1200 2404 1312 2447 foliis
1341 2415 1471 2457 supra
1503 2398 1830 2443 canescentibus

132 2473 173 2511 et
200 2468 450 2522 strigosulis
478 2468 635 2510 subtus
661 2468 793 2515 canis,
808 2464 1089 2508 inferioribus
1115 2462 1364 2505 lanceolatis
1388 2462 1431 2503 in
1460 2460 1634 2501 lacinias
1664 2458 1830 2499 lanceo-

133 2528 239 2570 latas
268 2527 468 2581 spinosas
496 2526 724 2581 bipartitas
751 2524 1113 2579 pinnatipartitis.
1134 2521 1315 2564 caulinis
1332 2516 1716 2572 amplexicaulibus
1740 2515 1833 2568 pin-

132 2586 399 2634 natilobatis‚
441 2585 630 2640 capitulo
664 2585 854 2627 maximo
893 2582 1300 2636 globoso-depresso
1339 2579 1450 2620 soliis
1491 2574 1713 2618 floralibus
1751 2574 1832 2615 late

131 2645 328 2698 oblongis
346 2644 708 2699 lebam-spinosis
727 2644 859 2686 flores
877 2641 1152 2696 aequantibus
1174 2639 1456 2686 involucralo‚
1475 2634 1686 2677 involucri
1710 2631 1832 2697 pli-yl-

133 2703 184 2745 lis
223 2704 447 2757 adpressis
485 2716 507 2744 a
546 2703 634 2744 basi
670 2702 853 2755 oblonga
889 2700 1147 2743 tenuissime
1181 2696 1397 2740 subulatis
1431 2707 1526 2737 curn
1563 2692 1699 2745 spinis
1734 2690 1832 2731 villo

132 2762 272 2805 lanato
296 2761 504 2805 connexis
527 2765 570 2803 et
594 2761 819 2804 occultatis
845 2760 914 2816 Θ.
944 2759 987 2802 C.
1017 2756 1253 2799 horridum
1278 2767 1359 2797 nc.
1393 2753 1546 2794 Prodr.
1580 2750 1650 2801 VI,
1672 2764 1716 2804 p.
1748 2750 1830 2789 (3558

130 2832 183 2862 ex
210 2824 333 2876 parte
361 2820 502 2875 quoad
531 2821 672 2863 locum
703 2821 961 2862 Armenum.

178 2894 279 2929 Hah.
306 2895 345 2929 in
374 2893 561 2929 Armenia
593 2904 714 2940 prope
742 2893 926 2928 Erzerum
956 2890 1095 2936 (Aucb.
1123 2887 1258 2930 35951),
1288 2887 1337 2921 ad
1368 2894 1512 2932 pagum
1542 2880 1830 2926 Mikarya‘ilassi

128 2951 248 2988 prope
267 2940 490 2986 Erzinghan
511 2940 653 2985 (Tchih
665 2942 701 2985 l).

177 3003 402 3050 Capitulum
432 3015 477 3039 eo
510 3003 547 3040 C.
569 3003 768 3050 eriophorz'
794 3003 873 3038 fere
904 3001 1042 3046 majus.
1064 2999 1182 3034 Nulla
1211 3008 1298 3032 cum
1322 2995 1359 3031 C.
1378 2993 1540 3030 horrido
1568 2992 1745 3030 affinitas„
1765 2989 1830 3024 sed
