2095 3276
256 210 330 248 328
987 216 1231 243 COMPOSITAE.
1622 204 1822 242 Chamoem
1828 205 1952 242 elam.

262 291 491 334 discoideis
518 290 584 331 vel
615 289 760 331 rarius
798 287 942 343 ligulis
967 288 1118 343 paucis
1146 286 1602 350 oblongo-lanceolatis
1629 286 1745 330 disco
1771 288 1841 329 vix
1866 288 1960 330 lon-

258 349 453 403 gioribus
478 348 646 400 obsilis‚
677 348 893 390 involucri
918 346 1056 400 glabri
1082 346 1246 401 phyllis
1280 345 1449 389 obtusis
1474 346 1559 388 late
1586 347 1956 401 scarioso-margi-

259 409 386 460 natis,
409 408 681 461 receptaculo
707 404 1046 459 hemisphaerico,
1068 404 1259 448 acheniis
1280 405 1473 448 tenuiter
1490 404 1752 459 prismaticis
1772 404 1955 449 laevibus

258 467 404 509 rarius
439 467 520 509 sub
555 466 669 508 lente
704 465 892 519 sparsim
916 467 957 507 et
999 463 1191 507 obsolete
1230 463 1515 507 tuberculatis
1553 463 1606 506 ad
1631 463 1751 506 dorsi
1791 464 1956 517 apicem

258 525 575 579 biglandulosis
615 524 734 579 apice
775 524 907 566 calvis
942 522 1188 566 umbonatis
1227 522 1357 565 costis
1395 522 1601 565 tenuibus
1651 528 1710 571 ¹36.
1755 520 1795 565 G.
1826 521 1958 564 disci-

249 582 403 635 forme
428 583 517 626 Vis.
542 583 565 624 l.
583 583 712 625 cit.--
742 581 1195 635 Tripleurospermum
1221 579 1476 633 disciforme
1502 581 1601 624 Sch.
1620 580 1776 637 Bip.-—
1802 580 1959 623 Matri·

258 641 383 683 carr'a
407 640 709 695 corymbffcra
733 653 816 683 nc.
844 640 999 683 Prodr.
1023 640 1117 691 VII,
1139 654 1180 695 p.
1209 641 1306 682 297.

306 714 409 750 Hah.
447 714 487 750 in
516 714 732 761 pinguibus
767 715 805 749 et
833 713 1138 749 humidiusculis
1173 713 1396 760 subalpinis
1428 713 1589 749 ditionis
1619 713 1958 750 Transcaucasicoe

258 760 431 797 Talusch
450 761 561 805 (CA.
589 761 695 807 Meyl
716 761 858 805 Hohl),
884 761 1027 796 Persiae
1046 761 1087 795 in
1105 762 1238 796 monte
1259 760 1491 796 Demavend
1509 760 1600 807 (Ky.
1618 761 1688 797 327
1701 762 1728 805 l)
1746 764 1784 796 et
1803 760 1957 797 Elvend

257 809 525 892 {Auon35671
557 808 768 862 lla-usskl),
794 818 906 854 prov.
930 807 1138 862 Karadagh
1169 807 1367 862 (Buhsel),
1395 808 1434 842 in
1465 818 1573 863 prov.
1605 808 1834 861 Khorassan
1853 810 1891 844 et
1908 808 1959 845 ad

276 855 429 937 spathan
449 856 594 901 (ΒΜ
614 867 652 891 ¹¹¹
673 854 1764 947 ¹³‘33501013023501353533113§.lilaffi‘inssfffia{elfeis
1785 854 1957 948 (ῗὲῡὲῗῗ

256 912 874 986 ἓξᾶῑέῐιῗηξιέῗιέιῗῖᾙέἓῗέΤῐηοΙί
895 930 1012 984 occid.
1031 948 1071 983 in
1092 929 1217 994 Lydia
1234 913 1446 993 (Balgxs.
1465 949 1567 995 301).
1644 911 1681 948 y·
1754 912 1805 949 pp
1826 931 1832 937 ⁸
1951 932 1963 947 ⁷

304 1013 448 1051 Pedale
465 1015 529 1050 vel
550 1013 731 1061 bipedale
750 1013 896 1060 saepius
916 1014 1076 1049 omnino
1092 1012 1347 1049 discoideum.

312 1086 359 1156 β.
391 1085 717 1187 ἕῑιαιίνίίοόιινη.
741 1110 799 1116 -—
824 1085 992 1130 Corona
1024 1085 1287 1129 brevissima
1320 1085 1462 1129 lobata
1498 1096 1553 1128 ex
1589 1086 1711 1140 apice
1741 1088 1959 1130 costarum

258 1158 384 1190 oriun
420 1160 456 1189 a.

307 1219 412 1311 Htap.
433 1220 473 1255 in
494 1219 697 1266 paludosis
720 1219 865 1267 alpinis
887 1218 1033 1254 montis
1050 1217 1142 1254 Kuh
1162 1216 1297 1254 Daena
1316 1217 1460 1255 Persiae
1479 1217 1666 1254 australis
1684 1217 1777 1264 (Ky.
1798 1217 1886 1254 6111
1911 1228 1960 1254 ex

258 1277 330 1314 par
349 1277 369 1303 e
391 1295 397 1301 .

303 1330 446 1367 Pedale
463 1330 528 1366 vel
550 1330 742 1377 bipedale,
755 1329 900 1376 saepius
919 1328 1081 1366 omnino
1099 1328 1350 1365 discoideum.

317 1463 357 1503 6.
391 1459 805 1516 Ch.decipiens
822 1460 887 1515 (F.
900 1461 944 1501 et
959 1458 1067 1513 Mey.
1092 1458 1184 1501 Ind.
1200 1458 1384 1501 Secund.
1400 1457 1573 1512 Petrop.
1587 1471 1628 1513 p.
1647 1459 1702 1501 48
1724 1458 1806 1501 sub
1823 1459 1962 1512 Pyre-

257 1519 379 1573 thro)
405 1520 559 1561 bieune
586 1519 798 1572 glabrum,
822 1518 944 1561 caule
966 1520 1111 1560 erecto
1145 1517 1297 1560 striato
1321 1517 1472 1560 folioso
1499 1530 1521 1558 a
1549 1517 1691 1560 medio
1721 1517 1957 1572 composite

258 1578 514 1632 corymboso
538 1578 795 1631 pedunculis
825 1577 1035 1630 elongatis
1060 1575 1352 1628 nudiusculis,
1372 1576 1485 1618 soliis
1514 1575 1674 1619 ambitu
1702 1576 1898 1629 oblongis
1915 1577 1960 1619 in

258 1638 433 1680 lacinias
462 1637 867 1680 liliformi-setaceas
904 1639 1182 1678 mucronatas
1221 1635 1378 1677 breves
1416 1634 1763 1690 bipinnatisectis
1794 1635 1960 1679 infimis

258 1697 475 1751 petiolalis
504 1696 685 1738 caulinis
721 1695 952 1738 sessilibus
991 1694 1117 1736 valde
1155 1693 1436 1745 abbreviatis,
1475 1693 1675 1748 capitulis
1714 1693 1960 1747 discoideis‚

258 1754 472 1798 involucri
500 1753 635 1808 glabri
659 1754 819 1809 phyllis
844 1755 925 1796 late
950 1753 1272 1796 albo-scariosis
1305 1752 1486 1805 obtusis,
1510 1753 1782 1808 receptaculo
1819 1756 1960 1806 ovato,

259 1814 449 1857 acheniis
483 1813 826 1867 obpyramidalis
848 1816 1101 1856 transverse
1125 1812 1348 1866 rugulosis
1375 1811 1428 1854 ad
1456 1811 1576 1854 dorsi
1600 1812 1762 1865 apicem
1794 1812 1962 1864 biglan-

259 1872 425 1916 dulosis
441 1873 572 1915 costis
596 1873 802 1915 tenuibus
820 1869 1170 1927 prominentibus
1187 1873 1347 1914 corona
1360 1870 1624 1913 brevissima
1648 1871 1878 1915 sublobata
1899 1877 1937 1920 ’ῌ
1949 1904 1957 1913 .

259 1931 411 1974 Cotnla
432 1942 570 1973 aurea
597 1931 734 1973 Sibth.
760 1932 819 1973 1⁴¹1.
838 1931 914 1974 Gr.
943 1931 1017 1984 IX,
1042 1944 1081 1985 p.
1105 1932 1156 1972 61
1185 1942 1270 1972 non
1296 1930 1342 1973 L.

305 2004 405 2039 Hab.
426 2006 463 2039 in
482 2004 655 2039 humidis
674 2006 711 2039 et
729 2004 842 2040 cultis
861 2004 1082 2052 subalpinis
1095 2007 1131 2040 et
1145 2002 1301 2050 alpinis,
1316 2002 1501 2039 Anatolia
1518 2002 1691 2048 (Simu),
1706 2003 1824 2050 Lycia
1840 2012 1962 2050 supra

256 2051 413 2087 Elmalu
433 2051 595 2097 (Bourg.
618 2051 686 2087 160
699 2053 735 2096 !)‚
754 2052 890 2087 Cilicia
907 2052 1083 2087 Trachea
1102 2052 1141 2086 in
1163 2051 1364 2086 montibus
1388 2049 1583 2086 Ermenek
1608 2051 1841 2096 (Peroninl)‚
1859 2051 1963 2098 Cap-

255 2099 422 2146 padocia
451 2099 499 2134 ad
532 2100 751 2134 Cresaream
782 2102 819 2134 et
845 2099 953 2144 regio
982 2099 1117 2152 alpina
1135 2098 1256 2133 Tauri
1275 2098 1423 2134 Cilicici
1451 2097 1561 2142 (Ball
1582 2097 1665 2144 Kyl
1696 2098 1772 2133 sub
1791 2098 1829 2135 C.
1848 2097 1963 2134 disci·

249 2146 404 2192 sormi),
431 2146 570 2182 Persia}
598 2146 678 2182 bor.
709 2156 815 2193 prov.
850 2145 1089 2192 Aderbidjan
1109 2145 1159 2181 ad
1178 2145 1282 2181 Khoi
1301 2146 1419 2191 (Szov
1433 2147 1471 2191 l),
1490 2146 1527 2181 et
1544 2144 1733 2181 australis
1752 2145 1794 2181 in
1814 2145 1963 2182 ditione

253 2192 472 2230 Bachtiaris
492 2193 672 2239 (Haussk
686 2196 726 2238 1).

301 2255 436 2291 Simile
458 2255 524 2291 Ch.
545 2256 764 2303 disciformi
781 2255 909 2291 diflert
927 2255 1169 2302 receptaculo
1190 2255 1320 2301 magis
1339 2254 1536 2302 elongato,
1561 2255 1735 2292 acheniis
1760 2254 1964 2302 rugulosis

255 2304 382 2350 magis
400 2303 673 2351 pyramidatis.
695 2303 919 2349 Corymbus
938 2312 1043 2349 saepe
1061 2303 1190 2348 magis
1211 2303 1466 2348 compositus.

317 2434 356 2476 7.
394 2433 491 2477 Ch.
530 2432 1037 2489 microcephalum
1070 2431 1230 2488 (Boias.
1276 2432 1431 2484 Diagn.
1477 2431 1573 2475 Ser.
1624 2432 1653 2483 l,
1703 2433 1769 2483 11,
1810 2445 1851 2486 p.
1885 2432 1962 2488 ΞΒ)

257 2493 415 2536 bienne
459 2494 671 2547 glabrum,
713 2493 834 2536 caule
876 2495 1019 2536 erecto
1065 2493 1217 2535 striato
1262 2492 1415 2534 folioso
1454 2491 1690 2545 composite
1736 2495 1778 2533 et
1822 2491 1958 2534 dense

255 2553 526 2606 corymboso,
564 2552 822 2606 pedunculis
850 2552 1038 2607 capitula
1074 2551 1352 2606 aequantibus
1390 2551 1459 2593 vel
1496 2562 1649 2604 parum
1675 2549 1961 2603 longioribus,

255 2611 370 2652 foliis
396 2612 441 2654 in
465 2612 638 2654 lacinias
666 2615 857 2654 setaceas
884 2611 1178 2664 longiusculas
1201 2610 1322 2666 apice
1346 2609 1528 2652 callosas
1552 2612 1701 2652 acutas
1724 2608 1961 2663 bipinnati-

256 2670 403 2723 seclis,
443 2670 640 2724 capitulis
667 2670 910 2719 discoideis‚
950 2669 1163 2713 involucri
1202 2669 1341 2724 glabri
1374 2667 1535 2724 phyllis
1568 2671 1731 2724 praeter
1772 2678 1962 2710 nervum

255 2727 450 2772 medium
476 2730 790 2771 luscescentem
823 2729 1347 2781 alludo-membranaceis,
1372 2728 1646 2782 receptaculo
1671 2729 1811 2780 ovato,
1836 2726 1963 2769 ache-

254 2787 338 2829 niis
364 2788 571 2831 brevibus
603 2787 954 2843 subcompressis
986 2785 1503 2842 ruguloso-tuberculatis
1542 2785 1674 2829 costis
1709 2784 1961 2829 lateralibus

257 2846 446 2889 dilatatis
468 2846 696 2893 subulatis,
722 2847 940 2900 glandulis
964 2845 1202 2901 apicalibus
1226 2846 1355 2899 binis,
1373 2847 1533 2888 corona
1549 2844 1674 2888 brevi
1699 2842 1963 2899 subquadri-

256 2905 353 2947 loha
383 2905 450 2960 (2).

302 2977 405 3013 Hab.
425 2978 465 3013 in
484 2978 598 3014 cultis
618 2978 809 3014 derelictis
827 2979 875 3015 ad
897 2978 1044 3025 Koweg
1062 2989 1173 3026 prov.
1196 2978 1334 3015 Musch
1352 2978 1550 3015 Armeniae
1567 2977 1751 3014 australis
1766 2971 1963 3023 (Ky.2861
