2066 3296
131 242 339 281 Gundelia.
860 252 1107 279 composrrAE.
1763 246 1828 282 421

695 391 771 433 ΤΒ.
805 392 858 434 Χ.
903 390 1260 434 GUNDELIEAE.

189 516 386 570 Capitula
421 515 648 569 pluriflora
679 515 724 557 in
749 516 1038 568 glomerulum
1065 517 1424 570 capituliformem
1455 522 1664 561 concreta.
1703 519 1828 562 Invo-

129 576 236 619 lucri
278 574 424 628 pliylla
465 578 507 617 et
544 574 774 627 glomeruli
816 574 997 617 bracteae
1039 576 1226 629 spinosae
1265 576 1377 618 inter
1401 590 1446 619 se
1480 582 1595 620 arcte
1621 582 1826 620 connatae.

130 634 334 734 Anthffiae
375 634 600 700 sagittalae.
640 632 748 687 Styli
790 634 899 675 rami
939 634 1040 676 hirti
1081 634 1608 690 cylindrico-complanati.
1651 637 1827 692 Pappus

129 704 244 748 cupu
264 707 278 735 1
297 704 446 735 ornus.

488 822 741 870 GUNDELlA
776 823 940 883 (Tourn.
979 822 1068 885 Voy.
1108 825 1148 878 2,
1187 838 1222 885 p.
1262 824 1339 872 251
1382 825 1465 883 lo).

189 956 386 1012 Capitula
412 957 619 999 5-7—ssora
637 956 679 998 in
697 957 961 1011 unaquaque
980 956 1151 999 bractea
1172 958 1397 1010 glomeruli
1422 958 1636 1011 generalis
1659 959 1826 1001 ovoidei

128 1016 211 1059 sita
221 1022 262 1058 et
284 1016 328 1057 in
346 1015 635 1068 glomerulum
652 1018 863 1058 concreta.
883 1016 982 1059 Flos
1002 1017 1205 1058 centralis
1229 1017 1399 1070 fertilis,
1419 1017 1618 1060 laterales
1636 1018 1822 1060 steriles.

126 1076 410 1118 Involucrum
451 1075 630 1128 cujusve
657 1074 832 1128 capituli
870 1075 1101 1117 uniseriale
1128 1076 1452 1129 gamophyllum
1485 1077 1603 1130 apice
1641 1077 1827 1130 5-7-spi-

126 1146 282 1177 nosum
315 1145 411 1176 cum
438 1134 623 1175 bracteis
650 1133 879 1187 glomeruli
917 1137 1163 1176 connatum.
1205 1133 1374 1177 Corolla
1412 1135 1826 1178 infundibuliformis

127 1193 258 1236 limbo
283 1194 385 1235 tubo
409 1192 650 1248 aequilongo
679 1192 897 1246 5-partito.
935 1193 1142 1236 Antlierae
1171 1195 1306 1246 longae
1332 1194 1516 1236 lineares
1544 1194 1636 1235 basi
1674 1193 1826 1236 obtuse

126 1254 348 1306 sagittatae.
393 1252 501 1307 Styli
539 1251 747 1306 hispiduli
792 1252 899 1294 rami
940 1252 1074 1294 crassi
1116 1253 1648 1306 cylindrico-complanati.
1688 1253 1825 1295 Ache-

127 1311 247 1354 nium
287 1324 491 1365 magnum
515 1310 1146 1365 compresso-subletragonum
1185 1311 1276 1354 basi
1317 1314 1586 1354 attenuatum
1624 1315 1824 1354 tenerum

125 1370 285 1425 cupula
301 1371 532 1424 spongiosa
558 1382 632 1411 ore
659 1369 825 1412 minute
849 1370 1110 1413 denticulata
1136 1374 1406 1424 superatum,
1433 1370 1668 1412 involucris
1692 1371 1824 1412 totius

126 1429 353 1483 glomeruli
384 1429 507 1472 valde
534 1429 672 1471 auctis
695 1428 804 1470 etin
833 1441 993 1483 eorpus
1018 1429 1143 1472 valde
1172 1429 1411 1472 coriaceum
1447 1428 1824 1483 obpyramidatum

125 1488 244 1542 apice
268 1488 492 1541 spinosum
520 1487 734 1531 concretis
760 1489 934 1531 omnino
958 1489 1175 1531 inclusum
1201 1492 1243 1530 et
1265 1501 1360 1530 cum
1384 1489 1447 1531 eis
1470 1491 1688 1531 maturum
1709 1499 1825 1530 sece-

125 1546 247 1590 dens.
276 1570 328 1577 —
358 1546 500 1590 Herba
530 1548 768 1589 lactescens
794 1547 1097 1601 spinosissima
1124 1547 1227 1588 facie
1256 1547 1458 1600 Erynye‘i.
1487 1570 1533 1578 —-
1563 1547 1711 1589 Genus
1739 1546 1822 1589 sin-

123 1606 274 1659 gulare
297 1606 351 1649 ob
377 1607 541 1660 stylum
560 1607 746 1649 etflores
774 1606 1050 1660 homogamos
1085 1606 1330 1649 Vernonieis
1351 1618 1463 1661 saepe
1487 1606 1820 1648 adnumeratum

124 1665 201 1707 sed
226 1665 340 1708 nulli
370 1665 537 1708 ordinis
560 1666 742 1719 propius
767 1665 991 1709 accedens.

188 1790 219 1832 l.
254 1789 314 1834 G.
352 1790 750 1834 Tournefortii
794 1789 860 1846 (L.
901 1790 974 1846 Sp.
1019 1792 1146 1833 1315x
1192 1791 1469 1844 glabrescens
1510 1790 1579 1833 vel
1621 1788 1822 1841 lanugine

123 1852 333 1892 araneosa
366 1850 561 1892 detersili
598 1849 694 1903 plus
722 1849 867 1892 minus
902 1851 1055 1902 obsita,
1083 1851 1278 1893 caulibus
1316 1850 1474 1892 crassis
1516 1849 1695 1892 laevibus
1721 1848 1823 1888 sim-

123 1908 308 1962 plicibus
333 1909 399 1951 vel
423 1920 613 1962 superne
638 1921 765 1962 parce
788 1911 831 1950 et
848 1908 1042 1951 breviter
1060 1909 1537 1962 corymboso-ramosis,
1560 1907 1673 1950 foliis
1689 1906 1823 1949 coria-

122 1967 209 2009 ceis
227 1967 378 2020 rigidis
394 1968 550 2022 amplis
567 1968 839 2010 crassissime
861 1969 1062 2011 nervosis
1083 1972 1125 2011 et
1148 1969 1348 2011 elevatim
1367 1967 1607 2010 reticulatis
1627 1964 1822 2017 oblongis

123 2026 191 2069 vel
221 2026 676 2080 oblongo—lanceolatis
712 2027 1038 2081 pinnatilobatis
1064 2028 1293 2081 partitisve
1332 2027 1443 2069 lobis
1470 2025 1656 2068 dentatis
1683 2025 1822 2073 denti-

122 2085 292 2138 busque
319 2085 460 2129 valide
484 2085 673 2139 spinosis
703 2086 984 2129 interloribus
1008 2086 1096 2129 basi
1123 2085 1370 2137 attenuatis,
1399 2084 1700 2140 superioribus
1729 2083 1822 2125 basi

123 2143 265 2190 sessili
290 2144 484 2186 breviter
511 2145 862 2198 decurrentibus,
886 2146 1126 2198 glomerulo
1145 2146 1337 2199 generali
1361 2149 1484 2187 ovato
1507 2144 1618 2186 foliis
1637 2141 1821 2184 summis

123 2201 345 2246 subternis
368 2215 417 2246 eo
440 2203 710 2256 longioribus
735 2204 1018 2257 involucrato,
1044 2205 1229 2247 bracteis
1257 2203 1309 2244 ad
1336 2203 1674 2257 glomerulorum
1696 2200 1821 2242 basin

122 2261 328 2304 coriaceis
352 2262 599 2305 lanceolatis
628 2263 757 2305 dorso
780 2264 1202 2306 convexo-carinatis
1225 2264 1267 2304 in
1295 2263 1462 2317 spinam
1490 2262 1672 2304 validam
1705 2259 1821 2301 flori-

121 2319 203 2372 bus
227 2322 362 2364 multo
391 2321 628 2375 longiorem
654 2321 917 2364 abeuntibus
953 2329 1011 2370 26.

167 2392 267 2430 Hah.
287 2395 327 2430 in
346 2394 516 2431 collibus
535 2397 570 2430 et
588 2395 695 2441 agris
722 2394 881 2430 incultis
899 2405 922 2430 a
939 2395 1097 2441 regione
1125 2394 1299 2430 inferiori
1319 2393 1369 2428 ad
1396 2396 1623 2429 montanam
1643 2392 1711 2427 ubi
1732 2390 1821 2427 vul-

121 2440 247 2486 gatior
260 2444 298 2478 et
313 2441 502 2489 alpinam,
521 2441 706 2477 Anatolia
722 2442 801 2478 bor.
822 2452 942 2489 prope
961 2441 1156 2478 Kadikeui
1175 2441 1304 2485 (Wied
1317 2443 1350 2483 l),
1370 2440 1567 2486 Lycaonia
1586 2439 1687 2475 inter
1702 2438 1822 2474 Kara—

120 2497 214 2523 man
232 2491 269 2524 et
284 2488 480 2525 Ermenek
498 2489 687 2534 (Heldrl)‚
704 2489 860 2524 Taurus
879 2489 929 2524 ad
943 2488 1075 2524 Gulek
1094 2489 1254 2534 Boghaz
1274 2488 1361 2532 (Bal
1375 2490 1410 2532 l),
1426 2488 1541 2533 Syria
1560 2487 1600 2521 in
1618 2486 1819 2522 montibus

120 2544 240 2582 prope
257 2536 410 2583 Tripoli
426 2535 539 2581 (Bll),
557 2536 732 2571 Libanus
750 2537 800 2572 ad
810 2536 957 2572 Cedros
975 2536 1108 2581 (Boiss
1122 2538 1157 2581 ἱ),
1176 2536 1374 2571 Palestina
1393 2535 1493 2570 circa
1503 2534 1610 2569 Gaza
1627 2536 1664 2568 et
1681 2532 1819 2568 Hiero-

120 2581 318 2628 solymam
347 2583 526 2628 (Boissl),
546 2582 835 2630 Mesopotamia
865 2583 1007 2628 (Auch.
1040 2583 1184 2627 34841),
1215 2582 1400 2617 Armenia
1425 2581 1588 2616 Turcica
1608 2580 1658 2615 ad
1677 2579 1821 2615 Baibut

120 2627 307 2675 (Bourgl)
326 2633 363 2666 et
381 2630 567 2666 Erzerum
585 2630 747 2674 (Huetl)
767 2633 804 2666 et
822 2630 984 2666 Rossica
1009 2629 1125 2674 (Szov
1139 2632 1179 2674 l),
1206 2629 1340 2664 Persia
1359 2640 1380 2663 a
1402 2628 1561 2673 regione
1580 2627 1752 2662 inferiori
1770 2626 1819 2661 ad

120 2673 282 2712 Dalechi
302 2677 393 2723 (Ky.
410 2677 524 2722 9711),
556 2677 608 2713 ad
627 2680 779 2713 montes
808 2678 918 2713 distr.
948 2677 1039 2712 Kuh
1059 2675 1257 2721 Kilouyeh
1280 2674 1533 2711 sono-1000&
1553 2673 1759 2719 (Haussk)‚
1780 2673 1819 2708 in

119 2731 227 2768 prov.
245 2723 475 2807 Khogassan
493 2723 641 2770 (Bgelj.
669 2724 727 2759 Fl.
747 2727 830 2760 aest.
852 2723 993 2760 Caules
1011 2724 1188 2769 juniores
1209 2723 1302 2758 cocti
1326 2723 1364 2757 in
1387 2722 1501 2768 Syria
1522 2719 1676 2757 Accoub
1695 2719 1820 2755 nomi-

119 2770 201 2805 nati
218 2781 326 2807 come
357 2773 487 2807 untur.

176 2834 221 2889 β.
255 2835 507 2879 tenuisecta.
536 2859 593 2868 —
629 2836 748 2879 Folia
774 2834 1235 2890 subepinnatipartita
1266 2834 1599 2889 parencliymate
1637 2835 1818 2885 angusto

120 2894 258 2948 spinis
285 2896 676 2938 numerosissimis.

165 2966 269 3003 Hab.
288 2968 329 3003 in
349 2970 481 3004 monte
499 2968 728 3015 Berytdagh
749 2969 946 3005 Cataoniae
964 2968 1068 3004 8000’
1090 2968 1267 3012 (Haussk
1280 2970 1315 3012 l),
1345 2967 1393 3002 ad
1412 2967 1535 3002 Gebel
1553 2968 1676 3003 Antar
1697 2976 1817 3013 prope

118 3012 359 3051 Damascum
377 3015 554 3061 (Gailll).
