2090 3291
247 250 318 286 390
968 255 1216 281 COMPOSITAE.
1416 253 1424 258 ·
1770 242 1947 280 Senecio.

250 329 323 363 bus
342 328 455 362 nanis
475 327 590 361 valde
610 326 887 372 polymorpba3
922 325 1051 359 affinis
1070 324 1107 361 S.
1127 322 1503 369 leucanthemz's'olio,
1525 321 1577 357 ab
1595 331 1641 357 eo
1658 324 1695 357 et
1713 322 1798 369 ejus
1814 322 1952 359 formis

249 375 429 421 capitulis
447 374 567 420 duplo
587 373 800 419 majoribus
820 373 999 418 inprimis
1017 371 1212 406 distincta.

295 432 354 465 Ar.
385 430 512 474 Geoqr.
533 429 683 468 Silesia,
704 428 917 472 Hunguria,
936 426 1239 472 Transylvania,
1256 425 1397 461 Bossia
1410 424 1544 460 media
1557 426 1596 460 et
1609 423 1806 469 australis,
1820 425 1954 463 Africa.

252 477 418 511 borealis
437 476 528 520 (sub
547 475 584 511 S.
605 473 971 519 leztcantlzemzfolz'Q
996 473 1037 510 S.
1058 473 1208 516 humili,
1226 472 1265 508 S.
1287 471 1490 507 Atlantico
1512 483 1535 507 a
1553 471 1675 507 variis
1693 471 1844 509 collect.
1870 472 1951 508 dis—

250 524 449 566 tributus).

314 641 378 681 12.
416 639 466 682 S.
499 638 849 681 vulcanicus
883 638 1042 684 (Boiss.
1073 637 1225 690 Diagn.
1253 636 1346 678 Ser.
1375 635 1409 687 I,
1435 637 1499 685 ll,
1523 648 1561 689 p.
1589 636 1666 685 31)
1691 649 1865 680 annuus
1879 632 1950 681 vel

246 710 494 754 perennans
518 696 838 749 glabriusculus
866 709 914 739 su
925 695 1113 739 bacaulis
1138 696 1397 749 cespitosus⁷
1424 694 1540 736 soliis
1564 696 1714 750 parvis
1742 708 1950 738 carnosu-

248 758 300 800 lis
332 755 678 799 subradicalibus
705 755 1049 807 ovato-oblongis
1075 755 1144 797 vel
1175 753 1629 806 oblongo-liitearibus
1664 754 1948 797 obtusissime

245 815 567 870 pinnalilobatis
587 813 650 856 vel
669 814 856 856 crenalis
872 813 1072 856 omuibus
1092 813 1319 866 petiolatis⁸
1339 811 1539 866 capitulis
1557 813 1764 855 solitariis
1784 813 1949 867 pedun-

241 874 351 917 culis
387 873 484 915 folia
520 873 592 914 vix
629 873 940 926 superantibus
976 872 1171 915 suffultis
1205 869 1682 924 mediocribusovatis,
1720 872 1947 914 involucro

245 933 336 975 basi
354 932 593 986 squamulis
611 931 885 973 brevissimis
909 931 1166 984 spliacelalis
1189 930 1430 973 imbricatis
1454 929 1594 972 obsito
1615 930 1775 984 phyllis
1797 928 1948 973 oblon—

244 1004 296 1044 go
319 991 557 1032 linearibus
574 990 691 1043 apice
711 989 904 1031 breviter
926 990 1161 1032 attenuatis
1185 988 1461 1044 sphacelatis,
1479 988 1626 1040 ligulis
1649 989 1949 1032 subrevolutis

247 1050 474 1092 involucro
499 1050 626 1102 paulo
652 1048 942 1096 brevioribus,
976 1048 1166 1091 acheniis
1189 1050 1316 1101 longe
1343 1051 1387 1090 et
1408 1047 1602 1090 tenuiter
1627 1048 1879 1100 cylindricis
1904 1049 1949 1090 in

241 1108 398 1150 collum
422 1108 735 1160 longiusculum
764 1108 998 1149 attenuatis
1023 1107 1105 1150 sub
1126 1108 1240 1150 lente
1261 1118 1389 1160 parce
1412 1108 1454 1148 et
1478 1105 1739 1150 brevissime
1757 1107 1947 1157 hirlulis,

246 1179 385 1221 pappo
409 1167 567 1209 caduco
596 1166 764 1208 radium
793 1166 982 1220 aequanti
1014 1170 1077 1216 Θ.

291 1232 390 1267 Hab.
409 1232 447 1267 in
467 1233 623 1276 regione
644 1232 835 1278 superiori
854 1232 1007 1267 volcani
1029 1232 1259 1268 Demavend
1280 1232 1347 1267 alt.
1364 1230 1492 1268 10500’
1510 1231 1603 1277 (ΚΥ,
1622 1232 1730 1277 6671)
1745 1235 1782 1268 et
1800 1234 1947 1269 montis

246 1278 428 1314 Elamout
446 1280 589 1314 Persiae
608 1279 688 1313 bor.
712 1280 850 1323 (Auch.
867 1280 956 1314 4717
971 1281 1007 1324 l).

291 1334 365 1370 Vix
384 1334 591 1381 pollicaris,
624 1334 719 1369 folia
742 1334 804 1369 3-4
824 1334 947 1369 lineas
972 1335 1089 1379 longa
1108 1335 1131 1370 2
1147 1334 1237 1378 lata,
1266 1335 1438 1382 capitula
1458 1343 1590 1380 magn.
1612 1335 1690 1370 fere
1709 1334 1749 1371 S.
1773 1336 1947 1373 vernalis

243 1382 353 1427 eujus
373 1392 452 1416 var.
480 1392 630 1417 nanum
657 1382 772 1416 refert-
800 1382 867 1417 sed
887 1392 909 1415 a
932 1385 1008 1427 qua
1026 1382 1131 1416 foliis
1159 1382 1419 1418 obtusissime
1437 1383 1606 1418 crematis
1625 1386 1662 1418 et
1680 1383 1842 1419 achenio
1860 1384 1946 1420 lon-

244 1430 349 1476 giore
371 1429 477 1475 apice
495 1429 610 1463 valde
631 1431 830 1464 attenuato
849 1429 1001 1464 disterre
1017 1429 1181 1464 videtur.

307 1545 369 1585 13.
404 1543 455 1586 S.
496 1543 961 1598 coronopifolius
996 1544 1135 1598 (Desf.
1175 1544 1261 1587 Atl.
1290 1545 1427 1599 II,‘⁴p.
1462 1544 1567 1600 273)
1607 1545 1947 1599 glabriusculus‚

242 1604 362 1646 caule
387 1607 530 1645 erecto
557 1603 689 1645 ramis
717 1604 1060 1656 erecto—patulis,
1083 1603 1196 1646 soliis
1217 1604 1464 1646 carnosulis
1486 1604 1529 1646 in
1556 1604 1734 1647 lacinias
1761 1604 1948 1648 lineares

243 1663 432 1714 integras
469 1662 538 1703 vel
577 1665 741 1704 remote
775 1662 1062 1706 denticulatas
1097 1663 1440 1717 pinnatiparlilis
1466 1663 1631 1706 infimis
1658 1664 1701 1706 in
1737 1664 1946 1717 petiolum

242 1722 416 1764 brevem
444 1721 678 1763 attenuatis
714 1721 881 1764 eaeteris
909 1722 1299 1775 amplexicaulibus
1332 1723 1499 1765 minute
1523 1723 1792 1776 auriculatis‚
1827 1723 1947 1767 raclii

242 1779 393 1822 lineari
417 1779 682 1832 subintcgra,
709 1780 908 1834 capitulis
936 1782 1028 1824 laxe
1051 1782 1323 1835 corymbosis
1349 1781 1618 1834 longiuscule
1640 1781 1944 1837 pedunculatis

240 1838 544 1889 mediocribus,
576 1840 790 1881 involucri
817 1839 976 1893 phyllis
1013 1840 1251 1883 linearibus
1278 1841 1538 1883 acuminatis
1564 1841 1781 1883 viridibus
1812 1853 1944 1895 squa-

239 1898 370 1940 mulis
406 1898 658 1941 accessoriis
689 1899 834 1952 paucis
871 1899 1229 1942 lineari-selaceis
1267 1901 1437 1954 4-5-plo
1470 1900 1762 1952 brevioribus,
1799 1900 1944 1954 ligulis

241 1957 399 2010 patulis
425 1958 719 2000 subrevolutis
744 1958 966 2001 involucro
990 1959 1370 2011 subbrevioribus,
1392 1959 1585 2002 acheniis
1604 1959 1946 2012 oblongo-cylin-

241 2015 372 2058 dricis
411 2017 604 2059 breviter
642 2020 684 2059 et
721 2017 930 2070 adpresse
974 2018 1099 2060 hirtis
1140 2019 1329 2065 rostatis.
1369 2031 1510 2073 pappo
1549 2018 1731 2061 deciduo
1774 2018 1950 2061 discum·

238 2078 436 2128 aequante
466 2079 529 2125 Q).
554 2075 594 2117 S.
617 2075 850 2128 squalidus
877 2075 982 2119 Urv.
1012 2077 1161 2119 Enum.
1196 2079 1273 2120 110
1295 2091 1381 2120 non
1405 2077 1451 2120 L.
1477 2101 1532 2107 —
1550 2077 1590 2119 S.
1616 2076 1812 2119 Gallicus
1829 2076 1943 2119 lami-

229 2132 377 2184 floru-s·
406 2133 500 2176 Sch.
528 2135 620 2189 Bip.
648 2136 691 2176 in
716 2135 791 2189 ΚΥ.
820 2135 873 2189 pl.
900 2136 1053 2191 Alepp.

287 2206 386 2243 Hab.
405 2208 443 2242 in
464 2208 603 2244 insulis
623 2208 747 2244 Melos
765 2211 802 2244 et
820 2209 1011 2255 Myconos
1033 2209 1285 2256 Archipelagi
1305 2210 1423 2254 (Urvl
1442 2209 1576 2254 Sarni,
1595 2208 1769 2255 AEgypto
1787 2208 1836 2243 ad
1851 2208 1941 2244 Ale-

239 2255 442 2290 xandriam
463 2256 648 2302 (Schimp.
669 2257 732 2291 24!
752 2256 908 2292 Samarl
928 2257 1084 2302 Gailll),
1099 2257 1288 2293 Kahiram
1306 2260 1343 2294 et
1360 2257 1551 2292 divonem
1569 2256 1721 2301 Fayum
1737 2255 1942 2301 (malim),

238 2302 384 2337 Arabia
402 2303 535 2338 Petrea
557 2303 603 2338 ad
623 2303 771 2339 radices
791 2304 899 2339 Sinai
917 2304 1140 2351 (Schimpl)‚
1159 2309 1196 2340 et
1213 2306 1413 2341 desertum
1431 2304 1482 2340 ad.
1501 2303 1742 2339 Palestinam
1759 2303 1942 2347 (Boissl)‚

236 2347 350 2393 Syria
368 2349 417 2385 ad
444 2349 628 2385 Sidonem
651 2350 823 2396 (Gustu),
851 2351 1093 2387 Damascum
1113 2352 1152 2387 in
1173 2355 1306 2388 monte
1325 2351 1453 2388 Gebel
1480 2350 1516 2386 el
1537 2351 1697 2386 Kharbe
1725 2350 1888 2396 (Gailll)
1906 2353 1945 2385 et

238 2394 390 2434 deserto
410 2396 460 2435 ad
478 2397 705 2441 Palmyram
724 2397 838 2442 (ΒΗ),
858 2409 980 2445 prope
998 2398 1070 2434 Ale
1101 2409 1151 2445 po
1171 2399 1260 2444 [Ky.
1280 2399 1341 2435 90!
1362 2399 1524 2443 Boiss!)‚
1544 2398 1709 2443 Assyria
1726 2397 1776 2433 ad
1791 2396 1944 2444 Mossul

237 2442 389 2487 (Noen,
415 2443 548 2479 Persia
577 2444 741 2479 australi
774 2445 824 2480 ad
845 2446 1033 2490 Ahuchir,
1065 2410 1176 2492 gere,
1209 2446 1373 2482 Dalechi
1392 2450 1430 2482 et
1457 2455 1578 2493 prope
1596 2444 1824 2491 Persepolin
1847 2447 1885 2480 et
1902 2445 1943 2479 in

236 2489 377 2525 insulis
392 2490 542 2526 Karrak
562 2491 653 2536 (Ky.
674 2492 761 2528 1231
781 2493 903 2528 Auch.
922 2493 1016 2528 4716
1030 2495 1070 2537 l),
1088 2494 1271 2529 orientali
1288 2494 1340 2529 ad
1357 2493 1590 2529 Sserischah
1611 2492 1745 2538 (Egel)
1775 2492 1944 2528 boreali-

237 2536 418 2572 orientali
437 2537 487 2572 ad
517 2538 670 2574 radices
702 2540 847 2574 montis
878 2540 1023 2576 Elbrus
1054 2551 1175 2594 prope
1208 2541 1394 2577 Derbend
1424 2540 1515 2586 (Ky.
1540 2540 1646 2585 1801)
1675 2542 1714 2575 et
1738 2539 1944 2575 Schahrud

234 2582 382 2628 (Egel),
399 2583 660 2620 Turkestania
676 2586 860 2632 (Lehml),
880 2587 1093 2633 Affghama
1110 2588 1275 2633 (Gi-iffi),
1296 2584 1523 2624 Belutschia
1543 2586 1744 2632 (Stocks!).

294 2648 336 2702 β.
370 2648 670 2693 subdentatus.
700 2675 752 2683 -
782 2651 902 2694 Folia
927 2653 1137 2696 inferiora
1165 2654 1353 2696 indivisa
1391 2654 1584 2703 linearia,
1611 2655 1767 2695 caetera
1797 2652 1944 2707 pauci-

234 2706 422 2753 dentata.
442 2733 494 2739 —
520 2709 561 2752 S.
583 2709 873 2753 subdentatus
905 2711 1065 2754 Ledeb.
1089 2712 1154 2758 Fl.
1179 2712 1267 2755 Alt.
1297 2713 1338 2764 4,
1368 2725 1409 2766 p.
1442 2713 1537 2755 110.
1557 2736 1617 2742 —-
1642 2712 1698 2755 Ic.
1725 2712 1807 2754 lab.
1835 2713 1939 2757 493.

283 2780 383 2816 Hah.
411 2782 451 2817 in
476 2783 607 2818 Persia
625 2783 808 2820 orientali
837 2784 1010 2830 (Buhsel
1034 2785 1114 2832 Bge
1129 2787 1169 2831 l),
1193 2785 1409 2832 Affgbania
1429 2784 1660 2827 occidentali
1680 2785 1826 2832 (Egel),
1845 2785 1945 2822 'Pur-

236 2826 416 2864 kestania
433 2830 548 2865 occid.
567 2830 707 2875 (Lehm
718 2833 755 2876 l).

269 2912 341 2959 y..
365 2893 657 2946 psilocarpus.
681 2920 736 2926 -—
762 2897 956 2940 Achenia
977 2898 1254 2941 manifestius
1277 2899 1428 2942 striata
1447 2898 1531 2941 sub
1549 2898 1666 2941 lente
1689 2898 1831 2942 valido
1846 2898 1947 2941 bne-

239 2962 425 3063 lqslqllmss)
438 2955 684 3053 etgfflparsim
708 2956 1128 3009 pruinoso-birtella.
1154 2981 1214 2989 —
1239 2956 1280 2999 S.
1309 2957 1483 2999 lacerus
1507 2957 1647 3000 Boiss.
1676 2957 1828 3012 Diagn.
1849 2957 1942 3000 Ser.

264 3040 274 3058 ‚
362 3042 371 3057 ,
434 3045 441 3051 .
535 3046 542 3053 .
