2066 3296
139 244 332 291 Echinops
866 253 915 278 co
921 253 1112 278 MPosrrAE.
1768 247 1838 282 427

135 326 259 368 caule
295 325 459 367 sulcato
495 323 743 367 canescenti
775 324 842 365 vel
870 336 989 373 cano,
1016 324 1129 366 foliis
1157 337 1290 378 supra
1329 326 1572 368 virentibus
1597 327 1836 369 tuberculis

137 384 393 438 papilliferis
416 382 635 437 asperulis
661 382 817 424 subtus
844 383 976 434 canis,
1003 383 1284 426 inferioribus
1311 384 1466 438 amplis
1501 385 1664 427 ambitu
1693 390 1837 427 ovato-

138 443 334 495 oblongis
359 443 404 484 in
430 444 653 495 segmenta
692 453 807 494 saepe
843 445 1035 483 retrorsa
1075 443 1160 483 late
1197 442 1638 496 oblongo-lanceolata
1675 449 1838 485 remote

137 505 180 544 et
208 502 400 544 breviter
424 501 565 543 lobata
599 499 792 541 breviter
826 501 1003 554 spinosa
1033 501 1375 553 pinnatipartitis
1399 502 1571 543 rachide
1596 502 1837 545 latiuscula.

135 560 249 603 foliis
287 560 592 613 superioribus
634 559 797 600 sensim
839 559 1065 601 diminutis
1105 560 1332 612 angustius
1368 560 1602 608 lacunatis,
1649 562 1834 614 penicilli

136 619 243 661 setis
279 618 428 673 paucis
457 617 634 659 dimidio
661 618 891 660 involucro
922 617 1211 667 brevioribus,
1245 618 1459 661 involucri
1500 620 1636 671 glabri
1677 620 1836 673 phyllis

140 679 274 719 17-19
301 677 461 719 infimis
494 690 517 719 a
550 676 641 717 basi
678 676 799 718 tenui
827 676 946 730 apice
972 677 1137 719 minute
1163 676 1667 729 triangulari-deltoiueis
1699 679 1835 718 ilenti-

136 737 304 779 culatis.
322 735 595 777 intermediis
608 748 631 776 a
647 735 791 777 medio
810 735 1270 777 subulam-attenuatis
1289 737 1410 789 longe
1429 736 1835 790 pectinato-ciliatis,

139 796 302 837 intimis
339 807 423 837 non
453 792 731 837 brevioribus
757 795 810 836 ad
834 798 1032 848 quartam
1072 794 1137 835 vel
1166 794 1358 847 quintam
1397 798 1560 847 partem
1586 796 1836 836 inferiorem

136 855 316 900 coalitis,
344 854 473 907 pappi
497 854 601 896 setis
627 853 915 906 inaequalibus
940 851 1191 894 barbellatis
1211 853 1261 893 ad
1287 853 1474 895 medium
1503 866 1640 906 usque
1663 865 1835 895 concre-

137 914 193 955 tis
224 919 282 960 25.
315 911 365 954 E.
393 911 607 953 horridus
631 925 711 955 ιω.
737 912 890 954 Prodr.
919 911 993 965 (ex
1016 916 1137 965 parte
1163 914 1301 965 quoad
1337 914 1390 964 pl.
1420 911 1656 966 Szovitsii.)

185 979 284 1013 Hal).
304 979 343 1014 in
364 978 564 1014 montibus
590 988 697 1024 prov.
717 977 1060 1013 Transcaucasicae
1080 977 1289 1022 Karabagh
1309 977 1443 1021 (Szov!
1464 989 1542 1012 exs.
1565 978 1639 1013 sub
1660 978 1703 1012 E.
1720 989 1835 1024 pam-

134 1025 317 1070 calatas),
336 1026 376 1061 in
396 1036 502 1071 prov.
524 1024 765 1071 Aderbidjzm
784 1025 833 1060 ad
855 1024 1138 1064 Muschambar
1157 1035 1274 1071 prope
1294 1025 1434 1059 Tubris
1453 1025 1645 1069 (Ruhsel)

186 1081 295 1117 Folia
321 1082 506 1116 inferiora
523 1081 663 1136 pedem
696 1091 801 1127 saepe
824 1081 944 1125 longa
961 1080 984 1114 8
1002 1080 1094 1126 poll.
1117 1080 1196 1114 lata
1216 1082 1427 1124 segmentis
1445 1081 1508 1116 4-5
1529 1080 1689 1127 pollices
1706 1080 1837 1124 longis

137 1139 183 1164 ea
204 1128 316 1164 Cz'rsz'z'
337 1128 550 1165 erisitlzales
568 1127 786 1173 referentia,
806 1128 1056 1163 involucrum
1073 1128 1138 1161 7-8
1157 1127 1281 1162 lineas
1307 1130 1458 1162 tantum
1486 1128 1646 1173 longum
1683 1128 1839 1173 Species

137 1176 289 1222 phyllis
320 1175 472 1210 intimis
508 1174 594 1211 basi
626 1177 780 1211 tantum
811 1177 989 1211 connatis
1020 1176 1229 1209 transitum
1261 1174 1311 1209 ad
1344 1185 1502 1220 gregem
1523 1174 1674 1221 phyllis
1702 1175 1837 1209 liberis

136 1224 324 1258 donatam
344 1223 543 1269 praebens.

197 1340 234 1380 6.
270 1339 322 1381 E.
359 1338 766 1393 §laberrimus
799 1338 898 1391 (Dc.
934 1336 1049 1377 Ann.
1087 1335 1154 1378 Sc.
1193 1335 1285 1378 Nat.
1329 1336 1448 1385 1834,
1483 1348 1520 1388 p.
1552 1334 1656 1386 260)
1684 1334 1837 1376 viridis

141 1399 284 1440 nitens
298 1399 447 1450 glaber
463 1397 530 1438 vel
548 1397 601 1439 ad
620 1397 818 1451 paginam
838 1396 1090 1437 inferiorem
1106 1395 1359 1449 parcissime
1375 1394 1704 1442 arachnoideus
1717 1394 1838 1435 caule

136 1457 287 1509 gracili
312 1456 494 1510 simplici
523 1456 845 1509 monocephalo,
873 1455 985 1496 foliis
1022 1455 1174 1506 rigi·.is
1214 1454 1414 1495 elevatim
1444 1453 1641 1494 nervosis
1670 1453 1838 1493 lanceo-

140 1516 237 1557 latis
265 1516 306 1557 in
341 1518 564 1568 segmenta
602 1528 734 1569 parva
774 1514 1107 1566 ovalo-oblonga
1133 1513 1400 1555 creberrime
1430 1511 1766 1565 lobato-spinosa
1795 1511 1832 1551 in

136 1575 306 1628 spinam
329 1578 504 1617 tenuem
529 1575 684 1616 flavam
711 1573 1003 1627 longissimam
1028 1573 1233 1615 abeuntia
1255 1570 1566 1624 pinnatisectis‚
1593 1569 1835 1623 pedunculo

137 1633 356 1676 terminali
370 1634 496 1686 longo
513 1633 830 1686 nndo‚capitulo
844 1631 1065 1680 mediocri,
1080 1631 1268 1684 penicilli
1284 1630 1389 1672 setis
1404 1629 1612 1683 paleaceis
1627 1627 1837 1670 scabridis

138 1693 368 1734 dimidium
391 1692 665 1734 involucrum
689 1691 978 1747 aequantibus,
1000 1690 1212 1732 involucri
1236 1689 1371 1741 glabri
1396 1688 1546 1730 viridis
1571 1687 1728 1740 phyllis
1753 1687 1834 1728 sub

142 1752 193 1792 16
213 1751 265 1792 ab
283 1749 565 1793 inferioribus
587 1751 706 1805 apice
726 1750 1067 1803 triangularibus
1083 1749 1349 1791 mucronatis
1367 1747 1546 1800 integris
1564 1747 1617 1788 ad
1637 1747 1837 1787 interme-

138 1810 209 1852 dia
227 1824 250 1852 a
274 1810 414 1852 medio
431 1809 870 1852 subulam-attenuata
892 1808 1032 1850 ciliata
1049 1808 1201 1859 auctis,
1216 1808 1378 1849 intimis
1397 1806 1441 1847 in
1458 1805 1612 1848 tubum
1633 1802 1839 1858 cylindri-

139 1882 236 1911 cum
267 1869 437 1923 nigrum
463 1868 515 1910 ad
539 1868 731 1911 medium
765 1879 905 1922 usque
940 1867 1168 1917 concretis,
1196 1866 1326 1920 pappi
1355 1865 1488 1920 paleis
1512 1863 1719 1906 brevibus
1748 1862 1840 1903 bar·

140 1928 309 1971 bellatis
333 1927 482 1970 liberis
516 1934 574 1974 26.
607 1926 654 1969 Ε.
683 1927 891 1980 spinosus
920 1926 1034 1969 Bove
1068 1937 1159 1968 exs.
1195 1938 1283 1967 non
1307 1925 1351 1966 L.
1383 1950 1430 1953 ‡--
1463 1922 1512 1964 Ε.
1540 1920 1770 1964 Prescottiz'
1795 1920 1838 1961 F.

139 1992 185 2028 et
208 1988 260 2029 M.
291 1988 392 2030 Mss.

188 2053 289 2088 Hah.
308 2055 347 2088 in
366 2053 519 2088 deserto
537 2052 693 2088 Sinaico
713 2052 871 2088 Arabiae
889 2054 1032 2099 petreae
1055 2051 1180 2095 (Bove
1199 2049 1285 2085 1121
1304 2049 1474 2095 Schimp.
1493 2048 1604 2091 2671).

187 2109 400 2156 Bipedalis,
426 2110 595 2154 insignis
635 2108 828 2154 glabritie‚
864 2107 1079 2154 segmentis
1114 2106 1230 2141 valde
1263 2105 1505 2140 abbreviatis
1540 2101 1837 2157 spinosissimiS,

141 2156 323 2191 loborum
349 2157 517 2192 sinubus
537 2157 771 2199 rotundatis,
789 2156 915 2202 spinis
935 2155 984 2191 ad
1004 2155 1295 2200 segmentoruni
1329 2153 1479 2198 apicem
1498 2151 1683 2186 tenuibus
1700 2149 1841 2201 longis.

140 2203 328 2249 Phyllum
347 2204 515 2239 alterum
535 2204 574 2238 in
593 2203 775 2250 capitulis
794 2202 1064 2249 superioribus
1081 2200 1274 2236 interdum
1296 2199 1389 2234 utin
1407 2197 1691 2243 congeneribus
1708 2195 1842 2230 multis

140 2251 180 2286 in
199 2261 318 2286 cornu
338 2251 456 2286 breve
474 2250 709 2297 productum
727 2252 796 2286 est.
818 2250 1073 2285 Involucrum
1091 2249 1112 2283 7
1129 2248 1254 2283 lineas
1275 2247 1450 2291 longum.

205 2366 244 2406 7.
281 2365 338 2407 E.
376 2364 810 2420 ceratophorus
845 2363 1005 2419 (Boiss
1028 2363 1178 2415 Diagn.
1201 2361 1293 2403 Ser.
1320 2360 1349 2410 Ι,
1375 2362 1415 2411 6,
1439 2373 1479 2414 p.
1510 2357 1610 2410 too)
1636 2356 1844 2421 adpresse

142 2436 278 2467 canus
308 2424 373 2465 vel
410 2435 644 2467 canescens
682 2427 982 2477 praetereaque
1015 2422 1121 2464 setis
1147 2421 1370 2474 papillosis
1399 2417 1606 2460 flexuosis
1634 2415 1846 2481 glanouh-

144 2483 249 2526 fcris
273 2484 426 2526 crebre
451 2495 731 2537 conspersus.v
757 2483 877 2524 caule
900 2481 1049 2535 gracili
1084 2479 1365 2532 1-3-cephalo‚
1393 2477 1503 2520 foliis
1530 2475 1777 2540 lanceolatis
1802 2485 1846 2513 in

146 2542 322 2584 lacinias
361 2542 668 2595 angustissime
710 2541 1149 2583 lineari-lanceolatas
1177 2539 1301 2590 longe
1339 2539 1382 2577 et
1419 2535 1608 2578 tenuiter
1645 2543 1845 2598 spinosas

146 2601 489 2655 pinnatiparlitis
510 2601 695 2643 sectisve
712 2600 1017 2655 superioribus
1032 2598 1193 2641 sensim
1215 2595 1455 2647 diminutis,
1474 2593 1660 2647 penicilh
1679 2591 1846 2656 nivolu-

146 2672 268 2702 crum
298 2660 523 2702 dimidium
548 2660 799 2713 superantis
824 2660 929 2702 setis
958 2657 1167 2710 adpresse
1196 2654 1462 2702 barbellatis‚
1488 2652 1700 2693 involucri
1726 2648 1848 2714 phyl-

151 2719 201 2760 lis
226 2719 357 2760 11-13
383 2719 543 2771 glabris
570 2718 622 2761 ab
648 2718 809 2761 intimis
832 2731 853 2759 a
879 2717 969 2760 basi
1001 2716 1218 2758 attenuata
1250 2714 1417 2755 minute
1447 2710 1676 2753 deltoideis
1709 2711 1848 2749 acutis

149 2777 348 2830 penicillo
375 2777 653 2820 brevioribus
689 2777 964 2820 denticulatis
988 2775 1038 2817 ad
1065 2773 1320 2816 intermedia
1348 2785 1371 2813 a
1395 2769 1535 2812 medio
1561 2767 1776 2831 serrulata
1807 2768 1849 2830 et

149 2838 193 2877 in
216 2836 385 2889 spinam
412 2840 634 2879 attenuata
659 2836 883 2889 elongatis,
918 2834 1082 2876 intimis
1120 2830 1368 2874 lanceolatis
1406 2840 1596 2882 superne
1620 2825 1849 2868 fizizbi'iatis

151 2895 263 2937 ultra
291 2895 479 2937 medium
505 2896 549 2937 in
570 2896 721 2937 tubum
760 2895 989 2941 concretis,
1017 2892 1217 2945 capitulis
1252 2888 1434 2932 summis
1463 2885 1686 2952 ster-ilibus
1726 2884 1850 2948 longe

150 2954 408 3007 cornigeris,
443 2954 573 3008 pappi
599 2955 705 2996 set-is
733 2954 945 3007 paleaceis
982 2950 1234 2993 barbellatis
1271 2949 1360 2990 sere
1386 2947 1439 2988 ad
1472 2945 1595 2986 basin
1634 2943 1780 2983 liberis
1806 2953 1851 2982 in

149 3024 353 3055 coronam
379 3013 713 3056 conniventibus
751 3019 809 3060 26.
