2066 3296
96 239 281 278 Casium.
830 251 1078 278 composrras.
1728 251 1799 287 539

99 331 171 356 san
189 321 332 375 (Bgel),
359 321 560 366 Tauriam,
578 321 799 357 Caucasum
825 325 863 357 et
881 322 1232 359 Transcaucasiam
1250 324 1377 370 (MR,
1399 326 1519 373 Ruprl
1544 328 1679 373 Hohl),
1698 330 1796 365 Tur-

96 367 318 404 kestamam
336 367 518 413 (Lehm.).

158 442 202 497 β.
226 454 504 485 araneosum.
523 467 581 473 —
598 440 796 498 Capitula
821 438 999 486 densius
1016 455 1222 487 araneosa
1247 446 1403 499 phyllis
1428 448 1635 500 elongatis
1662 452 1794 503 magis

97 501 316 544 recurvis.
342 525 398 532 —
431 500 472 545 C.
496 512 764 544 araneosum
790 500 930 544 Boiss.
957 502 1059 545 Mss.

142 583 246 620 Hab.
264 584 305 620 in
325 583 479 621 Libano
495 595 616 632 prope
633 583 786 620 Daunie
805 583 918 630 (ΒΗ),
931 584 1033 621 circa
1051 585 1291 621 Damascum
1311 587 1360 622 ad
1379 588 1483 623 rivos
1501 589 1637 631 (Gaill.
1649 591 1788 636 19961).

134 658 206 693 Ar.
223 658 358 704 Geogr.
376 657 537 705 Europa
553 659 639 693 tota
655 667 679 692 a
692 656 957 693 Scandinavia
972 657 1023 693 ad
1039 657 1232 704 Rossiam‚
1249 658 1402 699 Sibiria.
1418 661 1546 696 Africa
1564 661 1742 697 borealis.

673 819 797 863 Smer.
831 819 885 863 Il.
918 819 1207 863 CHAMAELEON.

85 982 116 1037 ’,ξ
158 984 194 1024 1.
231 980 399 1025 Folia
444 992 565 1024 non
610 980 706 1024 vel
751 980 1113 1082 brevigsime
1156 978 1545 1025 decurrentia.
1589 983 1787 1025 Caulis

836 1051 919 1082 nu
963 1050 1055 1083 us,

147 1165 223 1206 39.
259 1163 313 1208 G.
346 1161 694 1207 dealbatum
726 1161 853 1216 (ΜΒ.
891 1162 1023 1204 Taur.
1061 1161 1186 1205 Cauc.
1225 1161 1297 1209 ΙΙΙ,
1330 1175 1371 1215 p.
1405 1163 1504 1210 560)
1539 1163 1656 1204 caule
1684 1164 1790 1205 alato

85 1223 258 1266 sulcato
281 1222 548 1267 subfloccoso
575 1233 768 1275 superne
793 1220 833 1263 in
859 1221 1129 1275 pedunculos
1161 1222 1229 1262 1-5
1259 1222 1407 1274 longos
1436 1220 1571 1263 nudos
1596 1233 1791 1264 monoce-

92 1282 244 1337 phalos
275 1282 476 1332 abeunte,
506 1279 623 1323 foliis
651 1278 993 1322 membranaceis
1032 1292 1164 1333 supra
1195 1280 1409 1322 viridibus
1436 1279 1591 1322 subtus
1629 1280 1791 1322 incanis

88 1341 273 1395 integris
312 1339 604 1383 minutissime
628 1338 1123 1394 serrulato-spinulosis,
1162 1339 1426 1381 radicalibus
1465 1338 1710 1381 lanceolatis
1748 1339 1788 1380 in

93 1399 299 1455 petiolum
325 1398 577 1446 attenuatis.
604 1398 789 1441 caulinis
813 1411 835 1440 a
863 1398 957 1441 basi
981 1398 1156 1441 cordata
1177 1396 1476 1451 amplexicauli
1500 1397 1793 1449 oblongo-lan-

91 1459 269 1502 ceolatis
286 1459 413 1512 longe
435 1456 692 1501 acuminatis
713 1457 934 1511 supremis
952 1456 1131 1499 minutis
1150 1456 1587 1498 lineari-lanceolatis.
1606 1455 1791 1508 capitulo

92 1530 246 1572 magno
285 1516 481 1561 solitario
519 1517 637 1559 nudo
673 1519 800 1559 ovato
840 1516 1032 1571 globoso,
1070 1515 1284 1557 involucri
1320 1513 1596 1567 glabriuscnli
1638 1514 1792 1567 phyllis

94 1576 278 1620 rubellis
301 1576 525 1632 adpressis
550 1575 758 1618 convexis
784 1574 982 1628 oblongis
1004 1573 1285 1616 inferioribus
1312 1573 1480 1616 obtusis
1503 1573 1620 1626 apice
1646 1584 1793 1614 serru-

91 1635 190 1678 latis
228 1646 436 1679 mucrone
472 1633 732 1678 brevissimo
771 1634 1068 1684 subobsolet0‚
1094 1632 1397 1687 superioribus
1434 1632 1553 1685 apice
1591 1631 1791 1673 scariosis

92 1693 640 1748 subspathulato-dilatatis
665 1692 1063 1735 fimbriato-laceris
1087 1690 1132 1733 in
1158 1690 1380 1746 cuspidem
1408 1691 1602 1733 teneram
1628 1689 1788 1731 abeun-

90 1754 223 1804 tibus,
248 1753 442 1797 flosculis
467 1746 707 1808 pu‘rpureis
740 1758 801 1800 κ.

138 1826 240 1863 Hab.
252 1828 292 1863 in
307 1827 429 1875 pratis
442 1825 620 1862 humidis
633 1824 860 1872 subalpinis
875 1823 1042 1860 Caucasi
1056 1821 1373 1870 septentrionalis
1388 1821 1436 1857 ad
1448 1821 1625 1856 Narzana
1637 1821 1790 1865 (Stevl).

138 1897 395 1935 simillimum
416 1897 454 1935 C.
471 1897 736 1946 heterophyllo
757 1900 795 1933 et
814 1898 947 1934 forsan
971 1895 1090 1942 hujus
1103 1895 1285 1938 varietas,
1303 1894 1354 1929 ab
1371 1903 1416 1929 eo
1433 1896 1585 1928 tantum
1603 1893 1734 1928 differt
1751 1893 1793 1927 ut

94 1943 132 1982 C.
146 1945 423 1993 spathulatum
441 1951 475 1982 et
495 1945 533 1983 C.
548 1945 790 1992 odontolepis
807 1956 830 1980 a
849 1944 880 1981 C
903 1942 1110 1991 eriophoro
1126 1941 1275 1989 phyllis
1293 1940 1559 1986 superioribus
1577 1940 1683 1986 apice
1701 1939 1791 1974 sub-

91 1993 513 2040 spathulato-dilatatis
527 1992 885 2029 fimbriato-laceris
894 1988 1423 2035 neclanceolato-cuspidalis
1439 1987 1634 2023 ciliatuliS.
1646 1986 1681 2022 C.
1692 1985 1791 2021 hete-

82 2039 318 2088 trophyllum
333 2040 410 2077 All.
425 2041 466 2076 in
484 2040 626 2077 Rossia
643 2038 941 2087 septentrionali
959 2042 997 2075 et
1016 2037 1147 2073 media
1167 2040 1204 2072 et
1220 2035 1361 2071 Sibiria
1379 2035 1486 2070 omni
1504 2034 1649 2069 crescit.

154 2172 225 2213 40.
258 2170 312 2215 C.
346 2169 804 2225 oblonqifolium
837 2167 904 2225 (C.
933 2167 1048 2212 Koch
1085 2167 1208 2209 Linn.
1236 2164 1371 2217 XVII,
1403 2177 1444 2218 p.
1476 2162 1551 2217 41)
1580 2162 1790 2215 glaberri-

86 2241 228 2284 -mum,
252 2230 374 2273 caule
396 2228 508 2272 elato
526 2230 690 2273 sulcato
708 2229 861 2272 folioso
883 2239 1073 2282 superne
1097 2225 1351 2279 corymbose
1376 2220 1790 2275 3-5-cephalo‚f01iis

93 2288 252 2343 amplis
288 2288 876 2343 cordato-amplexicaulibus
902 2286 1101 2339 oblongis
1126 2297 1213 2327 non
1241 2281 1575 2325 decurrentibus
1603 2279 1792 2343 breviter

96 2347 451 2391 lebate-dentatis
493 2347 689 2401 margine
733 2346 973 2402 spinulosis
1020 2344 1177 2387 subtus
1220 2340 1521 2396 pallidiorihus
1543 2373 1550 2389 ,
1594 2336 1792 2401 capitulis

97 2406 350 2461 majusculis
375 2406 568 2449 breviter
591 2405 894 2460 pedunculatis
917 2403 1070 2454 ovatis‚
1092 2400 1307 2445 involucri
1324 2400 1393 2442 vix
1416 2397 1611 2440 araneosi
1635 2395 1792 2449 phyllis

96 2465 270 2508 extimis
292 2464 489 2508 breviter
509 2463 855 2519 triangularibus
876 2462 1134 2506 brevissime
1152 2459 1389 2515 spinulosis
1405 2456 1642 2511 adpressis‚
1662 2455 1793 2519 inter-

97 2523 251 2567 mediis
276 2524 319 2567 in
345 2524 629 2579 appendicem
652 2524 888 2567 scariosam
910 2521 1199 2576 spathulatam
1223 2516 1527 2561 denticulatam
1556 2513 1674 2568 apice
1702 2524 1791 2580 spi:

97 2583 299 2626 nulosam
329 2584 522 2639 patulam
551 2582 741 2626 dilatatis
768 2581 1050 2636 superiorum
1079 2576 1317 2634 appendice
1342 2575 1535 2626 elongata
1562 2571 1795 2614 lanceolata

97 2644 285 2685 recurva
311 2641 381 2697 (D.
414 2641 455 2685 C.
482 2640 756 2694 uliyinosum
779 2640 811 2696 β
834 2638 1042 2694 qlahrum
1069 2636 1229 2679 Ledeb.
1254 2635 1313 2676 Fl.
1340 2634 1463 2675 Ross.
1491 2632 1544 2683 II,
1569 2645 1608 2685 p.
1638 2630 1733 2671 7:36.

145 2714 247 2750 Hah.
264 2714 306 2751 in
331 2716 456 2751 tractu
481 2714 665 2751 Radscha
684 2714 850 2750 Caucasi
867 2713 926 2759 (C.
943 2711 1052 2748 Koch
1062 2712 1099 2756 l),
1117 2712 1154 2746 et
1173 2711 1212 2746 in
1237 2708 1394 2753 regione
1413 2704 1605 2751 sylvatica
1622 2701 1794 2748 ejusdem

100 2771 210 2808 prov.
229 2772 350 2809 prope
371 2762 569 2798 Kadessar
585 2761 690 2798 6000'
708 2762 884 2809 (Ruprl).

147 2823 259 2861 Folia
277 2825 463 2861 inferiora
479 2825 545 2861 6-9
563 2824 726 2872 pollices
743 2823 811 2860 lon
842 2834 864 2860 a
881 2823 904 2859 2
924 2824 965 2866 Ἰ,
984 2821 1075 2865 lata,
1092 2818 1262 2866 capitula
1284 2817 1340 2853 eis
1361 2815 1399 2852 C.
1421 2813 1606 2868 riuularis
1634 2821 1793 2864 majora.

91 2871 245 2908 -Contra
271 2872 317 2908 cl.
335 2872 477 2908 Ledeb.
496 2871 726 2920 opinionem
753 2882 777 2907 a
827 2869 1041 2925 ‚uliyz'noso
1068 2877 1147 2903 non
1177 2867 1330 2918 tantum
1358 2861 1538 2915 glabritie
1557 2863 1595 2894 et
1614 2857 1795 2911 capitulis

96 2917 222 2966 duplo
233 2920 448 2967 majoribus
460 2920 529 2955 sed
542 2919 694 2967 phyllis
707 2917 952 2955 intermediis
964 2919 1000 2952 et
1013 2925 1059 2951 su
1090 2912 1282 2950 erioribus
1294 2921 1334 2945 1n
1349 2908 1599 2956 appendicem
1612 2914 1797 2958 sear-ioso-

95 2966 441 3048 {pembranaceam
461 2966 639 3015 patulam
656 2966 746 3014 plus
774 2965 907 3002 minus
925 2963 1068 3011 spathu
1087 2963 1191 2996 atam
1211 2962 1247 2994 et
1264 2955 1543 2993 denticulatam
1562 2951 1798 2987 abellntlbus

94 3034 98 3040 -
133 3012 347 3050 istinctum.
