2090 3291
237 205 311 243 538
967 210 1211 236 composnuss.
1749 197 1919 234 Cirsium
1926 225 1935 232 .

238 285 438 338 strigosis
486 284 644 327 subtus
687 280 1342 324 arachnoidco-canescentibus
1383 280 1425 322 in
1467 279 1644 322 lacinias
1681 279 1941 322 lanceolatas

238 344 397 387 bifidas
419 343 611 396 integras
635 341 799 383 cilialas
825 340 1017 382 breviter
1039 340 1158 394 apice
1181 338 1430 393 spinulosas
1453 338 1810 393 pinnatipartitiS.
1828 337 1942 380 radi-

239 401 405 445 calibus
450 399 666 454 petiolatis
703 399 986 441 inferioribus
1029 399 1186 452 petiole
1232 398 1354 440 brevi
1393 397 1486 439 basi
1527 397 1702 440 dilatato
1749 396 1941 440 suffultis

237 459 547 514 superioribus
584 457 973 512 amplexicaulibus
1005 457 1245 510 diminutis,
1280 456 1483 510 capitulis
1517 456 1668 511 parvis
1709 455 1941 499 sessilibus

238 518 544 562 terminalibus
575 517 709 559 dense
743 516 994 569 glomeratis
1032 516 1146 558 foliis
1184 515 1368 558 summis
1408 514 1619 558 brevibus
1657 514 1941 558 involucratis

238 577 391 630 ovatis,
418 575 634 619 involucri
660 575 972 628 glabrescentis
1001 575 1164 629 phyllis
1193 574 1418 627 adpressis
1442 573 1692 617 lanceolatis
1717 572 1942 617 subulato·

237 636 469 690 triquetris
490 635 611 689 apice
636 634 876 689 spinnlosis
902 634 1196 676 exterioribus
1222 633 1293 675 vix
1317 633 1596 676 brevioribus
1628 639 1664 680 ῆι
1680 666 1690 674 .

286 717 391 752 Hab.
425 717 463 751 in
496 726 594 763 prov
637 716 971 751 Transcaucasica
1000 715 1124 751 Guria
1154 714 1401 760 (Nordml),
1438 714 1619 751 districtu
1652 713 1791 761 Alagir
1821 723 1943 758 supra

236 763 444 800 Kadschor
458 764 563 799 7200*
579 763 750 810 (Ruprl),
767 763 807 798 in
827 761 949 809 pratis
967 763 1112 810 alpinis
1132 762 1247 798 Ponti
1265 761 1392 798 Lazici
1406 761 1511 797 7000·
1526 758 1667 807 (Ball).

285 835 332 871 Bi
351 835 416 889 yel
432 835 640 889 tripedale3
656 835 952 889 inflorescentia‚
966 834 1075 889 tolia,
1091 834 1264 889 capitula
1278 835 1440 880 magnit.
1460 835 1493 870 C.
1505 833 1700 889 viva-laris
1711 833 1781 869 sed
1797 833 1943 888 pagina

236 891 425 982 ἓὶἳιῖἷὲῖιὲ
436 883 849 981 f‘zssfflbttfffiss’
861 881 1026 975 3233?
1046 880 1624 982 Θόἑξῖἰῖἒῗῑὲὲῖἳὲἒέθέἐὲἓέἴῗι
1639 881 1942 982 ἓίἰῖἑρέἓήῗὲξ

238 975 277 1012 C.
297 976 465 1013 rzvularz
482 976 707 1023 proximum
726 977 777 1011 sit
793 976 845 1012 ob
862 976 955 1012 folia
974 987 1096 1023 supra
1112 979 1279 1022 strigosa
1297 976 1399 1012 inter
1417 975 1707 1024 Epitraekydes
1725 975 1870 1011 militat

739 1127 759 1179 5
794 1127 831 1168 Ξ.
867 1126 1031 1169 Folia
1057 1125 1451 1170 decurrentia.

298 1269 367 1311 37.
395 1267 448 1311 C.
480 1267 756 1311 Italicum
775 1266 898 1322 (Savi
920 1267 1012 1310 Bot.
1038 1267 1182 1309 Etrur.
1209 1266 1289 1318 Ill,
1314 1280 1351 1320 p.
1381 1268 1464 1309 140
1491 1267 1575 1310 sub
1600 1266 1797 1322 carduo)
1815 1266 1939 1310 caule

239 1327 479 1371 subhumili
512 1327 663 1369 stricte
701 1338 872 1369 ramoso
901 1330 944 1368 et
971 1326 1104 1369 dense
1131 1326 1404 1380 corymboso,
1435 1326 1547 1369 foliis
1579 1325 1777 1381 angustis
1807 1339 1942 1381 supra

235 1386 437 1439 strigosis
465 1385 621 1429 subtus
644 1386 837 1439 margine
861 1384 1160 1428 subrevolutis
1183 1386 1748 1428 araneoso-canescentibus
1770 1385 1815 1428 in
1841 1385 1943 1428 laci-

238 1446 333 1489 nias
357 1449 541 1498 anguste
566 1445 826 1487 lanceolatas
848 1444 973 1498 spina
990 1444 1247 1486 terminatas
1271 1444 1615 1499 pinnatipartilis
1632 1445 1758 1498 longe
1782 1445 1944 1487 acumi-

240 1505 352 1547 natis
375 1505 417 1546 in
442 1505 554 1546 alam
577 1502 756 1546 brevem
789 1503 1180 1546 auriculaesormem
1220 1503 1433 1557 integram
1457 1503 1809 1556 decurrentibus,
1830 1503 1944 1558 capi·

238 1564 344 1606 tulis
384 1563 532 1617 parvis
571 1562 710 1605 ovatis
747 1562 1061 1605 subsessilibus
1097 1562 1258 1616 saepius
1296 1562 1538 1616 aggregatis
1578 1563 1689 1605 foliis
1723 1563 1943 1617 supremis

238 1626 422 1675 anguste
454 1621 705 1664 lanceolatis
735 1622 865 1664 flores
897 1621 1209 1674 superantibus
1237 1620 1487 1674 bracteatis,
1512 1621 1726 1663 involucri
1750 1621 1825 1665 vix
1849 1634 1943 1664 ara-

238 1680 359 1724 neosi
383 1681 542 1735 phyllis
556 1680 1011 1733 oblongo-lanceolalis
1031 1680 1253 1734 adpressis
1271 1681 1354 1722 sub
1370 1680 1496 1734 spina
1510 1681 1730 1723 terminali
1751 1681 1944 1724 tenuiter

239 1751 289 1782 su
299 1739 443 1782 bulata
465 1752 553 1782 non
570 1739 781 1793 adpressa
800 1740 908 1781 callo
925 1739 1086 1782 dorsali
1110 1739 1294 1793 oblongo
1315 1739 1515 1782 brunneo
1532 1739 1685 1783 obsitis
1703 1739 1772 1794 Θ.
1795 1738 1837 1782 G.
1855 1739 1946 1781 Ita-

238 1796 374 1839 licum
408 1812 490 1841 nc.
523 1798 645 1841 Hort.
674 1798 840 1853 Monsp.
871 1799 940 1840 96.
975 1821 1030 1830 —-
1057 1799 1115 1841 Ic.
1151 1797 1282 1841 Moris
1310 1797 1373 1840 Fl.
1407 1797 1532 1841 Sard.
1557 1802 1586 1842 t.
1617 1799 1692 1841 87.
1727 1822 1781 1829 —
1807 1798 1942 1842 Rehb.

240 1856 326 1898 tab.
361 1858 429 1899 96.

287 1929 389 1966 Hah.
410 1932 448 1966 in
469 1930 584 1966 cultis
603 1933 639 1966 et
660 1930 710 1966 ad
731 1931 816 1967 vias
838 1931 1008 1976 regionis
1033 1930 1227 1965 inferioris
1258 1933 1297 1966 et
1320 1932 1531 1973 montanae,
1548 1929 1730 1976 Laconia,
1749 1929 1944 1966 Messenia

239 1980 278 2012 et
288 1977 445 2023 Argolis
455 1977 579 2023 (Bory
590 1980 596 2013 l
612 1977 779 2023 Heldrl),
791 1978 1009 2014 Parnassus
1023 1987 1142 2024 supra
1156 1976 1344 2014 Rachova
1352 1976 1524 2024 (Orphl),
1535 1976 1759 2023 Zacynthus
1767 1977 1898 2023 (Marg
1909 1978 1917 2012 l
1926 1986 1944 2023 l,

240 2023 432 2070 Bithynia
449 2024 499 2060 ad
515 2025 663 2061 radices
679 2024 841 2072 Olympi
858 2025 1035 2070 (Auchi).

286 2097 345 2132 Δι’.
367 2096 501 2143 ῦοοςτ.
528 2097 696 2142 Corsica,
715 2096 909 2141 Sardinia,
926 2097 1040 2133 Italia
1058 2096 1256 2133 australis.

301 2229 368 2271 38.
394 2228 446 2272 C.
472 2228 872 2272 lanceolatum
897 2226 963 2283 (L.
985 2228 1058 2282 Sp.
1086 2230 1195 2271 1149
1224 2229 1306 2272 sub
1333 2228 1530 2285 Carduo)
1552 2230 1674 2273 caule
1700 2231 1812 2273 elato
1829 2229 1944 2274 alato

238 2299 431 2342 superne
452 2300 638 2335 ramoso.
657 2288 769 2330 foliis
794 2299 927 2341 supra
946 2288 1146 2341 strigosis
1165 2288 1322 2331 subtus
1348 2287 1562 2332 viridibus
1587 2290 1654 2331 vel
1680 2290 1780 2344 plus
1800 2289 1944 2333 minus

234 2347 593 2389 araneoso-canis
615 2348 658 2390 in
688 2346 864 2389 lacinias
889 2347 1165 2400 inaequaliter
1186 2350 1229 2389 et
1250 2346 1521 2390 divaricatim
1550 2348 1715 2392 lob-citas
1741 2348 1945 2404 spinosas

240 2405 445 2448 sinuatim
481 2406 749 2460 pinnatifidis
788 2405 1067 2460 parmisque,
1105 2406 1289 2449 caulinis
1324 2407 1370 2449 in
1404 2406 1494 2449 alas
1527 2411 1739 2461 angustas
1778 2407 1944 2451 lobatas

240 2464 590 2515 decurrentibus,
612 2466 814 2520 capitulis
837 2465 1002 2518 magnis
1027 2464 1167 2508 ovatis
1192 2465 1283 2509 basi
1306 2465 1502 2508 breviter
1528 2468 1573 2508 et
1603 2469 1787 2521 anguste
1821 2465 1943 2509 brac·

239 2523 393 2575 tentis,
426 2523 642 2567 involucri
685 2524 842 2578 phyllis
873 2523 1089 2567 viridibus
1123 2523 1373 2568 lanceolatis
1411 2535 1603 2579 superne
1634 2525 1865 2581 triquetris
1899 2525 1946 2568 in

236 2582 406 2636 spinam
431 2586 609 2626 tenuem
636 2583 838 2626 ssavidam
864 2584 1099 2626 attenuatis
1125 2583 1271 2627 rarius
1296 2583 1500 2628 omnibus
1525 2584 1945 2640 erecto-patentibus

240 2642 434 2684 externis
471 2643 634 2696 saepius
669 2643 870 2685 recurvis
902 2642 969 2697 Q).
1007 2641 1046 2685 C.
1076 2641 1367 2686 lanceolatum
1400 2643 1525 2698 Scop.
1560 2668 1611 2674 -
1655 2643 1710 2687 Ic.
1739 2643 1800 2686 Fl.
1834 2642 1944 2686 Dan.

244 2700 368 2742 1173.
397 2725 441 2731 ——
474 2700 607 2743 Rehb.
630 2705 660 2745 t.
686 2703 754 2744 95.
784 2727 835 2732 -
860 2700 903 2744 C.
929 2701 1149 2744 nemorale-
1173 2702 1308 2745 Rehb.
1332 2701 1393 2744 Fl.
1420 2714 1510 2745 exc.
1539 2703 1625 2746 286
1647 2702 1806 2758 (forma
1831 2701 1945 2744 foliis

239 2758 523 2812 hypoleucis).

287 2831 389 2867 Hah.
411 2834 451 2869 in
470 2833 629 2878 regione
647 2833 823 2870 inferiori
846 2836 884 2869 et
905 2834 1123 2881 praesertim
1148 2837 1339 2870 montana
1360 2834 1479 2870 totius
1506 2834 1677 2881 regionis
1704 2844 1729 2869 a
1753 2833 1945 2881 Pelopon-

241 2888 335 2914 neso
363 2879 540 2927 (Orphl),
557 2882 685 2917 Attica
707 2881 758 2917 ad
791 2881 979 2917 Pentelici
1006 2881 1156 2917 radices
1182 2881 1358 2926 (Heldrl)
1382 2885 1420 2918 et
1447 2881 1678 2918 Macedonia
1701 2881 1864 2928 (Orphl)
1894 2880 1945 2917 ad

239 2926 465 2963 Anatoliam
484 2928 747 2963 austro-occid
773 2928 974 2974 (Bourgl)‚
994 2928 1151 2975 Syriam
1171 2928 1372 2965 borealem
1390 2928 1571 2973 (Haussk
1584 2931 1622 2974 l),
1642 2927 1942 2964 Kurdistaniam

238 2972 435 3010 Persicam
454 2974 634 3019 (Haussk
646 2977 683 3020 1),
696 2975 867 3011 Persiam
887 2975 1085 3011 borealem
1108 2976 1146 3011 in
1175 2978 1308 3012 monte
1326 2975 1471 3012 Elbrus
1491 2975 1621 3022 (Kyl),
1642 2985 1754 3023 prov.
1770 2975 1944 3011 Khoras-
