2066 3296
74 200 306 238 Centaurea.
801 207 1046 233 composmAE.
1705 199 1777 234 687

70 281 238 326 laciniis
262 280 410 336 paucis
433 280 644 323 brevibus
667 279 850 329 obtusis,
874 278 1177 332 superioribus
1203 282 1386 331 anguste
1406 279 1644 322 linearibus
1664 280 1774 322 inte-

70 341 160 395 gris
198 340 548 389 decurrentibus,
586 339 785 392 capitulis
813 338 959 391 parvis
996 337 1134 380 ovatis
1175 338 1381 380 solitariis
1421 339 1489 380 vel
1530 339 1774 392 aggregatis

68 400 181 443 foliis
209 399 356 452 parvis
377 398 538 452 saepius
565 396 811 448 bracteatis,
835 396 1050 439 involucri
1077 407 1207 450 parce
1231 397 1432 439 araneosi
1460 398 1618 450 phyllis
1643 409 1770 439 ener-

72 458 154 501 viis
182 456 397 500 viridibus
430 457 476 499 in
513 455 681 510 spinam
708 456 1109 509 patulo-recurvam
1139 454 1202 496 eis
1238 455 1525 509 aequilongam
1562 456 1772 510 utrinque

72 516 283 571 pinnatim
305 519 348 559 et
365 515 515 558 dissite
554 515 925 568 2-3-spinulosam
965 513 1244 563 abeuntibus.
1275 513 1435 567 phyllis
1462 514 1625 557 intimis
1653 514 1773 567 apice

71 574 272 619 scariosis
295 573 563 622 acuminatis,
584 573 777 616 flosculis
799 573 943 624 luteis,
958 572 1149 615 acheniis
1167 572 1348 614 minutis
1373 571 1617 615 virentibus
1637 572 1774 626 pube-

74 634 181 676 rulis
212 633 305 675 basi
332 633 443 675 infra
477 632 612 674 hilum
644 631 865 682 rostratis,
891 631 1022 685 pappi
1051 630 1165 673 serie
1194 632 1433 683 penultima
1467 631 1643 673 achenio
1672 630 1775 673 sub-

70 692 272 736 breviore
303 695 367 742 Q).
393 691 447 734 Ic.
476 690 536 732 Fl.
566 689 640 732 Gr.
666 692 750 733 tab.
779 691 878 732 909.
905 714 963 720 —
988 690 1122 733 Rchb.
1154 689 1206 730 lc.
1236 691 1304 731 65.
1328 714 1385 718 —
1413 688 1453 731 C.
1477 689 1626 741 Apula
1654 689 1771 731 Lam.

69 751 177 793 Dict.
209 751 239 804 I,
264 763 304 804 p.
331 751 429 792 674.

115 817 221 853 Hah.
246 817 288 851 in
313 816 460 851 ditione
488 826 589 859 rara,
607 815 781 850 Laconia
801 818 839 850 et
859 814 1022 850 Rhodus
1048 814 1223 859 (Simu),
1245 814 1388 860 :Egina
1406 814 1535 850 insula
1556 816 1595 849 in
1620 813 1772 849 saxosis

68 863 282 899 vulcanicIS
301 863 493 907 (Heldr!].

112 920 177 955 Ar.
199 920 329 964 Geoqr.
358 918 517 964 Europa
534 917 719 953 australis
732 928 750 952 a
766 917 898 953 Gallia
908 917 1219 953 meridionaliad
1231 917 1484 957 Dalmatiam,
1497 917 1627 951 Africa
1638 916 1772 951 horea-

66 966 128 1009 lis,
147 966 316 1011 Madera,
334 965 476 1001 insulae
502 964 773 1000 Canarienses.
800 964 844 1000 In
862 965 1086 1000 American}
1106 965 1320 999 australem
1351 967 1389 999 et
1413 964 1505 999 RB.
1535 965 1624 1009 Spei
1648 963 1770 998 intro-

70 1013 196 1048 ducta.

132 1127 225 1168 165.
256 1126 314 1170 C.
337 1125 572 1169 Sinaica
596 1125 701 1181 (nc.
726 1126 880 1168 Prodr.
904 1125 977 1176 VI,
1006 1138 1045 1179 p.
1075 1127 1179 1179 592)
1204 1125 1580 1176 araneoso—grisea
1608 1137 1629 1165 a
1658 1125 1766 1166 collo

67 1196 239 1227 ramosa
259 1185 447 1239 capitulo
468 1185 647 1227 centrali
668 1183 1053 1236 subsessili,1·arnis
1081 1183 1415 1227 decurrentibus
1440 1183 1681 1225 dichotonic
1701 1184 1770 1224 vel

67 1243 271 1298 prolisere
303 1243 487 1286 ramosis
524 1247 708 1297 anguste
745 1243 871 1285 alatis
907 1243 988 1285 alis
1025 1243 1275 1286 internodio
1314 1242 1614 1291 brevioribus.
1652 1241 1766 1283 foliis

65 1302 307 1345 linearibus
331 1306 498 1345 remote
522 1306 565 1345 et
592 1302 787 1344 breviter
812 1301 1299 1356 pinnatifido-lohulatis
1334 1301 1639 1355 superioribus
1667 1300 1765 1353 plus

66 1362 212 1404 minus
240 1362 365 1414 longe
388 1360 738 1409 decurrentibus,
765 1361 966 1414 capitulis
994 1373 1129 1414 supra
1155 1361 1437 1403 (licliotomias
1459 1363 1500 1401 et
1528 1358 1767 1400 terminali-

65 1421 148 1463 bus
176 1421 373 1463 breviter
397 1419 704 1474 pedunculatis
728 1420 934 1462 solitariis
959 1420 1210 1473 majusculis
1239 1418 1570 1468 subbracteatis,
1596 1417 1767 1459 involu-

65 1480 127 1521 cri
150 1479 299 1521 flavidi
324 1490 450 1533 parce
471 1479 668 1522 araneosi
687 1478 848 1532 phyllis
867 1479 911 1521 in
935 1479 1104 1533 spinam
1131 1479 1314 1520 validam
1332 1477 1424 1520 basi
1452 1477 1767 1530 complanatam

66 1541 188 1591 parte
226 1538 423 1580 inferiori
461 1539 672 1591 pinnatim
713 1541 756 1580 et
793 1537 1000 1592 utrinque
1037 1537 1346 1579 remotiuscule
1386 1535 1766 1588 2-3-spinulosa1n

64 1600 284 1650 patentem
307 1597 500 1640 flosculis
521 1597 691 1639 carneis
710 1596 949 1650 longiorem
974 1596 1249 1648 abeuntibus,
1274 1595 1432 1649 phyllis
1459 1594 1624 1636 intimis
1647 1594 1766 1647 apice

66 1656 268 1698 scariosis
288 1656 490 1705 dentatis,
507 1656 697 1698 acheniis
718 1654 869 1697 nitidis
892 1655 1039 1706 fuscis,
1055 1657 1185 1709 pappi
1209 1652 1490 1697 suscescentis
1510 1653 1615 1694 setis
1633 1652 1768 1694 inter-

65 1714 218 1758 mediis
244 1715 421 1757 achenio
455 1714 711 1769 aequilongis
741 1718 807 1764 Ε).
850 1713 890 1755 C.
915 1726 1187 1766 procurrens
1214 1726 1294 1755 nc.
1318 1713 1473 1754 Prodr.
1503 1715 1545 1753 et
1572 1711 1762 1764 Schimp.

65 1784 156 1816 exs.
181 1786 268 1816 non
293 1773 405 1815 Sieb.

110 1839 211 1874 Hah.
240 1840 281 1874 in
313 1839 516 1875 montibus
540 1840 578 1874 et
601 1839 781 1874 arenosis
802 1838 997 1874 Sinaiticis
1025 1838 1161 1882 (Auch.
1182 1837 1300 1878 :3131st
1320 1836 1489 1882 Schinip.
1511 1836 1561 1872 N0
1581 1835 1697 1879 31ai),
1714 1835 1765 1870 ad

64 1886 191 1922 Ouadi
206 1886 315 1922 Useit
334 1886 510 1931 (Boissl),
529 1886 570 1921 in
587 1885 784 1921 Palestina
802 1896 923 1932 prope
946 1886 983 1921 St
1002 1886 1107 1921 Suha
1128 1884 1217 1929 (ΚΥ.
1236 1885 1350 1928 6618).

106 1940 222 1977 Rami
245 1941 311 1977 4-8
337 1941 501 1988 pollices
529 1940 648 1987 longi,
669 1941 764 1977 folia
782 1943 859 1976 tres
876 1941 1003 1976 lineas
1022 1941 1111 1986 lata,
1139 1940 1311 1987 capitula
1329 1949 1460 1984 magn.
1490 1937 1527 1974 C.
1552 1937 1766 1974 solstitiales

62 1989 186 2034 spinis
204 1989 291 2025 6-10
308 1988 433 2024 lineas
452 1988 592 2033 longis.

125 2103 219 2144 166.
255 2101 306 2145 C.
334 2101 689 2156 AEqyptiaca
719 2101 788 2157 (L.
826 2102 953 2144 Mani.
996 2115 1035 2155 p.
1078 2101 1179 2156 118)
1217 2100 1389 2155 papillis
1428 2099 1585 2152 crispis
1628 2098 1762 2142 dense

63 2163 338 2203 tomentosaa
358 2160 449 2202 basi
470 2161 861 2203 demnmindurata
878 2173 1063 2208 ramosa,
1081 2161 1214 2202 ramis
1236 2159 1413 2213 puniilis
1430 2158 1596 2200 foliosis
1620 2157 1762 2200 dicho-

60 2223 175 2262 tome
207 2223 249 2262 et
274 2220 479 2273 prolifere
503 2220 687 2262 ramosis
719 2220 1018 2273 1-3-cephalis,
1040 2219 1167 2261 foliis
1196 2217 1567 2269 lineari-oblongis
1594 2217 1637 2258 in
1664 2229 1758 2270 seg-

61 2281 205 2321 menta
232 2278 427 2320 breviter
453 2281 495 2320 et
521 2278 677 2321 obtuse
703 2278 886 2331 oblonga
913 2278 982 2320 vel
1016 2278 1196 2320 linearia
1229 2277 1491 2319 denticulata
1515 2276 1583 2317 vel
1618 2275 1759 2318 lobala

63 2336 407 2391 pinnatipartitis
450 2337 650 2388 sectisve,
678 2337 980 2391 superioribus
1021 2337 1222 2379 indivisis
1270 2335 1630 2378 subdenticulatis
1668 2334 1762 2377 basi

63 2396 230 2438 minute
256 2395 526 2448 auriculatis,
553 2396 755 2449 capitulis
780 2396 1032 2449 majusculis
1057 2394 1401 2447 ovato-oblongis
1427 2404 1573 2435 crasse
1597 2397 1639 2434 et
1660 2393 1758 2434 bre-

62 2453 176 2496 viter
203 2455 417 2507 petiolatis
449 2453 562 2497 foliis
599 2455 818 2508 supremis
843 2455 1093 2506 bractealis,
1124 2453 1337 2495 involucri
1364 2452 1561 2495 araneosi
1598 2452 1757 2506 phyllis

62 2512 107 2554 in
139 2513 310 2567 spinam
337 2513 429 2556 basi
458 2513 641 2556 validam
667 2513 911 2556 brunneam
937 2513 1333 2568 patulo-incurvam
1371 2511 1434 2553 eis
1466 2511 1636 2564 4-5-plo
1669 2511 1760 2552 lon-

62 2572 225 2625 giorem
253 2575 375 2625 parte
403 2571 579 2614 dimidia
607 2572 812 2614 inferIOre
837 2573 1048 2627 pinnaiim
1077 2577 1119 2614 et·
1144 2575 1304 2613 remote
1337 2570 1542 2624 utrinque
1567 2569 1760 2622 hispinu-

61 2629 197 2672 losum
214 2629 491 2679 abeuntibus,
516 2630 680 2672 intimis
705 2631 824 2684 apice
849 2631 1050 2673 scariosis
1077 2629 1367 2680 denticulatis,
1393 2628 1584 2671 flosculis
1603 2627 1759 2680 pallide

62 2689 314 2742 purpureis.
337 2690 527 2731 acheniis
552 2689 794 2743 puberulis,
814 2691 939 2744 pappi
964 2690 1218 2731 rufescenlis
1248 2689 1360 2730 serie
1382 2687 1620 2740 penultima
1639 2687 1760 2728 ache-

62 2747 133 2789 nio
150 2747 392 2801 aequilonga
420 2748 490 2802 (a).
521 2749 576 2790 Ic.
598 2748 691 2790 Del.
715 2748 776 2789 Fl.
800 2749 871 2801 Eg.
897 2748 980 2791 tab.
1001 2750 1070 2794 49,
1092 2749 1159 2801 lig.
1182 2749 1219 2789 ι).
1242 2771 1289 2777 -—-
1323 2746 1361 2788 C.
1390 2745 1627 2787 cancellatav
1645 2744 1758 2787 Sieb.

62 2805 105 2847 in
134 2805 206 2860 Sp.
235 2805 349 2860 Syst.
375 2806 446 2858 IV,
473 2820 512 2856 p.
536 2808 633 2849 406.
663 2832 719 2836 —
747 2807 788 2849 C.
812 2806 1049 2859 eriophora
1071 2807 1220 2848 Fon-sk.
1246 2819 1331 2847 non
1359 2804 1405 2845 1..

110 2878 210 2914 Hah.
230 2880 269 2914 in
289 2879 451 2915 desertis
470 2880 712 2926 AEgyptiacis
734 2891 854 2927 prope
883 2881 1071 2916 Kahirani
1107 2880 1222 2923 (Del,
1252 2879 1358 2914 Sieh!
1387 2878 1524 2913 Wiest!
1557 2877 1634 2921 Ky!
1660 2878 1763 2920 etc),

64 2925 165 2961 inter
178 2926 366 2961 Kahiram
385 2929 423 2962 et
440 2926 537 2962 Suez
556 2931 592 2962 et
610 2928 649 2962 in
668 2927 830 2962 desertis
847 2928 1003 2963 Arabiae
1024 2928 1167 2963 Petr‹›12›
1189 2927 1319 2962 sssoiss
1333 2928 1371 2970 l),
1388 2926 1426 2960 in
1446 2935 1565 2970 regno
1590 2923 1761 2959 Mascate

65 2973 220 3009 Arahiae
240 2973 440 3009 orientalis
460 2974 600 3018 (Auch.
619 2974 756 3019 48482).
778 2974 834 3009 Fl.
858 2975 969 3010 Mart.
