2066 3296
106 216 365 253 Scorzonera.
839 223 1085 250 COMPOSITAE.
1742 210 1812 247 757

405 309 514 339 mam
540 295 704 338 achenii
730 299 897 348 partem
919 292 1195 348 superiorem
1221 293 1477 335 vestientem
1505 291 1671 334 solutae.
1701 290 1813 344 Pap-

403 368 486 410 pus
523 369 547 398 a
584 355 681 397 lana
720 353 885 395 acllenii
926 353 1206 395 indistinctus
1250 352 1355 394 setis
1396 351 1543 405 quinis
1584 350 1807 392 interdum

404 413 672 467 longioribus
697 416 739 455 et
774 413 895 466 apice
923 412 1102 454 scabris.
1133 412 1296 453 Plantae
1326 423 1495 452 annuae.
1512 432 1570 440 —
1595 407 1735 451 Sectio
1760 408 1811 450 ad

404 471 729 515 Tonrneuoee’am
760 471 878 514 Cass.
906 470 1128 513 accedens.
1158 469 1333 523 Species
1365 469 1600 523 propositae
1633 480 1685 509 ex
1713 478 1811 520 spe-

399 531 629 574 ciminibus
659 531 786 572 nimis
816 531 965 584 paucis
999 529 1242 572 observatae
1275 531 1317 570 ct
1354 528 1500 570 forsan
1530 526 1803 570 reducendae.

578 622 595 636 '¹
622 621 798 656 Achenia
818 631 839 655 a
858 620 987 655 medio
1011 629 1169 655 sursum
1191 619 1335 654 lanata.

151 701 191 738 S·
213 701 566 745 hemz'lasae'amana,
586 699 839 746 cenopleura.

545 796 562 812 '
591 800 605 814 *
633 796 808 832 Achenia
827 795 903 831 sub
925 796 1032 841 apice
1053 797 1206 830 tantum
1229 794 1371 830 lanata.

157 874 197 912 S.
221 875 431 921 aerolasia,
452 874 712 922 ammoplzz‘la.

667 1155 791 1198 SECT.
829 1155 863 1197 Ι.
902 1155 1235 1197 PODOSPERMUM.

166 1300 202 1341 1.
236 1297 288 1342 S.
323 1298 609 1342 laciniata
641 1299 707 1353 (L.
729 1297 800 1353 Sp.
832 1299 942 1340 1114
969 1310 1053 1340 non
1079 1297 1285 1352 Jacquin]
1312 1297 1496 1349 biennis,
1520 1297 1818 1351 glabriuscula·

107 1357 173 1400 vel
196 1369 446 1410 canescens,
469 1358 577 1400 collo
600 1357 815 1400 fasciculis
841 1357 1066 1400 sterilibus
1100 1357 1324 1400 destitute.
1358 1358 1479 1399 caule
1508 1357 1633 1399 unico
1670 1360 1814 1399 erecto

106 1418 174 1460 vel
198 1417 401 1470 pluribus
425 1417 610 1459 ramosis
636 1416 889 1459 lateralibus
921 1429 1037 1470 saepe
1061 1416 1399 1458 ascendentibus
1430 1416 1495 1458 vel
1521 1415 1813 1470 procumben-

102 1475 222 1518 tibus
246 1476 469 1530 ramisque
495 1475 708 1518 teretibus
735 1476 901 1518 minute
925 1476 1103 1525 striatis‚
1130 1475 1241 1518 foliis
1269 1475 1613 1529 pinnatipartitis
1646 1474 1811 1517 laciniis

104 1534 343 1577 linearibus
374 1535 441 1577 vel
476 1534 727 1577 lanceolatis
756 1535 1012 1577 acuminatis
1046 1535 1138 1576 basi
1174 1546 1289 1587 saepe
1325 1534 1567 1586 angustatis
1596 1533 1813 1575 terminali

103 1594 285 1648 majore,
313 1594 514 1647 capitulis
541 1594 809 1647 majusculis,
840 1594 1056 1636 involucri
1080 1593 1240 1647 phyllis
1267 1592 1552 1635 interioribus
1579 1592 1699 1634 intus
1724 1592 1812 1645 gla-

103 1652 355 1704 briusculiS,
378 1652 573 1695 flosculis
598 1653 908 1706 marginalibus
929 1653 1204 1695 involucrum
1230 1652 1506 1705 aequantibus
1529 1651 1596 1693 vel
1625 1651 1695 1692 vix
1720 1653 1812 1693 lon—

101 1711 309 1764 gioribus,
330 1712 520 1753 acheniis
538 1711 701 1765 glabris
721 1712 877 1766 griseis
901 1712 1305 1764 angulato—striatis,
1329 1723 1468 1765 pappo
1495 1710 1670 1752 sordido
1691 1711 1811 1751 ache-

104 1769 173 1812 nio
192 1771 437 1824 aequilongo
456 1771 524 1825 Θ.
548 1770 688 1824 Hujus
707 1771 866 1825 speciei
885 1770 1181 1825 polymorpliae
1195 1770 1429 1812 varietates
1448 1769 1559 1811 binae.
1578 1772 1812 1822 sequentes

99 1829 144 1871 in
173 1829 335 1872 ditione
361 1834 614 1872 occurrunt.

161 1923 201 1948 α.
240 1904 453 1957 genuina.
493 1930 547 1935 -—
585 1905 804 1948 Foliorum
845 1905 1011 1947 laciniae
1053 1905 1241 1946 lineares
1279 1904 1347 1945 vel
1390 1902 1812 1945 lineari-lanceolatae

100 1964 341 2007 terminalis
381 1975 495 2019 saepe
529 1964 778 2007 lanceolata.
808 1988 862 1994 —
891 1963 938 2005 P.
968 1963 1227 2004 laciniatmn
1264 1975 1342 2005 uc.
1377 1963 1438 2004 Fl.
1476 1962 1545 2004 Fr.
1584 1962 1638 2004 Ic.
1675 1962 1807 2004 Rcbb.

98 2023 183 2123 {a}
204 2022 264 2134 35
280 2022 421 2124 gog).
447 2023 716 2065 muria-atum
738 2036 820 2066 De.
845 2047 898 2053 --
927 2022 1202 2064 Scorz-onera
1230 2020 1531 2074 octanyulare's
1558 2021 1704 2063 Willd.
1732 2021 1806 2075 Sp.

168 2114 176 2133 ‚
237 2114 245 2122 .
400 2116 408 2123 .

147 2154 249 2190 Hah.
268 2155 309 2190 in
337 2155 453 2192 cultis
480 2155 671 2192 Rumeliae
690 2154 842 2199 (Friv.)‚
861 2154 1043 2200 Byzantii
1062 2155 1210 2199 (Noel),
1230 2153 1365 2189 Iberiae
1396 2153 1618 2188 Caucasicae
1639 2152 1809 2199 (Ruprl).

159 2227 202 2281 β.
238 2227 583 2281 calcitrapifolia
615 2227 759 2271 Bisch.
788 2252 845 2258 —
871 2228 1091 2271 Foliorum
1131 2227 1294 2270 lacinia}
1330 2227 1575 2269 lanceolata}
1611 2226 1809 2280 ellipticae

101 2287 295 2340 oblongae
320 2289 390 2331 vel
417 2287 624 2331 obovatae.
649 2311 704 2317 ——
728 2286 777 2337 P,
805 2285 1199 2339 calcitrapifole‘um
1226 2299 1306 2328 nc.
1332 2286 1392 2327 Fl.
1423 2285 1492 2327 Fr.
1522 2310 1577 2316 —
1600 2285 1647 2326 P.
1676 2285 1808 2325 inter-

100 2344 292 2388 medium
314 2347 442 2390 Guss.
466 2359 548 2390 nc.
572 2345 726 2389 Prodr.
746 2345 838 2399 VH,
864 2359 904 2400 p.
934 2347 1028 2388 110.
1050 2370 1098 2376 —
1122 2345 1170 2387 Ρ.
1191 2343 1497 2395 resedifolessum
1520 2357 1598 2386 nc.
1619 2348 1661 2385 et
1685 2342 1809 2385 Scor-

100 2416 264 2446 zonera
290 2405 550 2455 resedifolia
563 2405 686 2448 Vabl.
708 2429 760 2435 —
780 2403 1107 2447 P.Buoebaumii
1128 2408 1171 2446 et
1189 2404 1236 2446 P.
1255 2402 1601 2456 leeteroplzgsllmn
1626 2402 1669 2444 C.
1690 2402 1806 2444 Kocli

102 2462 228 2505 Linn.
267 2464 402 2516 XVII,
443 2477 482 2519 p.
522 2465 621 2506 ¹:274.
650 2488 706 2494 —
733 2464 782 2507 P.
819 2463 1136 2506 Messeniacum
1173 2475 1262 2505 var.
1303 2461 1546 2504 brevicaule
1581 2461 1727 2503 Heldr.
1767 2463 1809 2503 et

100 2521 209 2565 Sart.
238 2522 342 2566 Mss.

144 2595 244 2631 Hab.
262 2596 303 2632 in
322 2596 497 2633 herbidis
526 2599 564 2632 et
589 2597 705 2633 cultis
730 2596 896 2633 Graeciae
925 2596 975 2631 ad
995 2595 1171 2632 Athenas
1191 2598 1227 2631 et
1245 2595 1447 2641 Megaram
1466 2594 1614 2639 (Boissl
1635 2593 1805 2637 Heldrl)‚

99 2640 230 2696 Oropo
252 2642 398 2681 Beotiae
417 2644 595 2689 (Boi-ssi),
613 2644 865 2691 Pamphyliae
895 2647 932 2679 et
960 2643 1118 2679 Pisidiae
1137 2642 1325 2687 (Heldrl),
1346 2642 1508 2677 Caucasi
1537 2644 1574 2677 et
1591 2642 1809 2676 Transcau-

97 2698 214 2725 cafflae
231 2689 404 2734 (Ledeb.,
422 2690 572 2735 Szovlk
592 2691 738 2728 Persiae
756 2690 1009 2727 occidentalis
1028 2689 1233 2735 (Bunget)‚
1252 2688 1489 2725 Belutschiae
1508 2688 1711 2733 (Stocks!].

144 2755 204 2791 Ar.
226 2755 359 2802 Geoqr.
380 2756 537 2803 Europa
553 2756 685 2793 media
698 2759 736 2793 et
753 2756 940 2793 australis
956 2766 980 2791 a
993 2754 1126 2791 Gallia
1140 2757 1177 2790 et
1192 2754 1405 2790 Germania
1419 2753 1547 2789 media
1562 2753 1611 2788 ad
1625 2753 1806 2788 Bossiam

99 2802 328 2848 australem,
345 2804 475 2840 Africa
493 2803 678 2840 borealis.

157 2926 194 2967 2.
229 2925 280 2969 S.
312 2925 710 2981 Jacquiniana
743 2925 883 2981 (Koch
910 2924 1013 2978 Syn.
1036 2936 1077 2978 p.
1104 2924 1189 2965 489
1209 2923 1292 2965 sub
1315 2921 1629 2976 Podospermo)
1654 2933 1807 2975 peren-

92 2983 160 3027 nis
182 2984 461 3039 glabrescens
485 2985 551 3027 vel
574 2984 672 3039 plus
706 2985 851 3027 minus
875 2994 1113 3027 canescens
1136 2982 1204 3024 vel
1234 2993 1353 3034 cana,
1378 2982 1486 3023 collo
1512 2980 1657 3023 caules
1683 2980 1809 3022 flori-
