2090 3291
229 280 301 318 724
959 277 1202 304 composrrm.
1641 264 1910 303 Garhadzolus
1919 293 1926 300 .

231 362 361 412 libus,
376 355 680 401 terminalibus
703 350 964 407 pedunculis
986 361 1071 392 non
1092 348 1345 392 incrassatis
1367 348 1801 398 suffultis‚involucri
1821 350 1933 392 fruc-

229 419 346 462 tiferi
373 415 531 471 phyllis
558 412 751 456 incurvis
784 410 901 464 apice
928 407 1260 450 conniventibus
1296 407 1426 450 dorso
1454 406 1717 459 aculeolatis,
1744 407 1935 450 acheniis

231 475 493 532 peripheriae
509 470 699 515 curvatis
718 469 912 512 breviter
931 466 1374 509 rostrato-attenuatis
1392 467 1550 508 corona
1567 465 1827 509 brevissima
1845 467 1936 508 fim-

231 536 373 578 briata
397 530 660 575 centralibus
686 527 898 571 scabridis
923 525 1199 568 rectiusculis
1223 524 1266 567 in
1294 527 1488 567 rostrum
1510 527 1642 567 tenue
1669 525 1731 567 eis
1759 525 1936 568 sublon-

226 594 331 648 ,gius
357 603 498 647 pappo
526 592 670 632 setoso
698 588 950 629 coronatum
979 583 1241 626 abeuntibus
1273 587 1340 634 Θ.

282 674 384 710 Hab.
403 674 442 708 in
472 670 673 707 sterilibus
700 668 749 704 ad
768 666 1086 703 Nackitschevan
1113 665 1310 701 Armeniae
1330 665 1501 701 Rossicae
1521 663 1720 710 (Bubsel),
1738 665 1779 700 in
1806 664 1938 701 Persia

232 721 383 758 -horeali
401 719 452 755 ad
473 717 678 754 Schahrud
698 715 842 761 (Bge!)‚
863 713 1074 758 Affghania
1092 712 1323 748 occidentali
1341 716 1379 748 et
1396 722 1518 759 prope
1536 712 1751 747 Kandahar
1769 711 1890 757 (Griff
1899 713 1934 757 l).

283 793 309 828 S
339 793 436 828 ecies
453 789 622 835 insignis
641 787 850 823 transitum
869 785 1144 821 demonstrans
1168 795 1189 819 a
1210 783 1458 820 Garhadiolo
1476 784 1525 820 ad
1546 783 1804 820 Heteracz'am
1818 783 1934 831 phyl-

230 841 284 876 —lis
343 838 517 875 erbaceis
561 846 630 872 nec
660 833 853 870 induratis
885 831 1049 867 achenia
1090 831 1327 877 marginalia
1363 831 1663 867 involventibus
1695 831 1933 867 distinctam.

229 888 376 923 ,Planta
392 885 455 920 4-5
475 882 684 931 pofficarts,
706 879 902 916 interdum
923 880 1057 922 major.
1077 878 1166 913 Icon
1185 878 1301 914 citata
1319 878 1484 914 achenia
1502 877 1689 914 centralia
1707 888 1794 924 quae
1814 877 1938 914 multo

233 934 397 980 iongius
416 935 452 967 et
470 930 626 966 tenuius
645 930 810 964 rostrata
825 930 917 962 sunt
935 925 1035 961 male
1053 925 1222 961 exhibet.

433 1093 718 1144 HETERAClA
755 1094 818 1154 (F.
850 1097 887 1140 et
921 1091 975 1140 Μ.
1010 1092 1104 1139 lud.
1138 1092 1169 1139 Ι.
1207 1092 1372 1154 Petrop.
1405 1091 1537 1145 ⁴835,
1574 1105 1612 1153 p.
1648 1089 1739 1151 29).

301 1260 547 1315 Capitulum
572 1257 871 1300 multiflorum.
894 1256 1172 1299 lnvotucrum
1198 1254 1357 1309 phyllis
1380 1255 1574 1298 externis
1598 1254 1777 1297 minutis
1796 1256 1942 1297 ovato-

241 1319 468 1365 deltoideis
486 1315 884 1371 calyculiformibus
906 1314 1181 1369 internisque
1201 1315 1226 1356 8
1258 1313 1455 1368 oblongis
1478 1314 1571 1357 basi
1606 1313 1819 1357 concretis
1847 1316 1943 1367 post

240 1378 440 1424 anthesin
479 1377 604 1419 valde
648 1375 827 1417 accretis
865 1373 1090 1417 herbaceis
1132 1373 1284 1427 planis.
1322 1372 1660 1428 Receptacnlum
1702 1372 1942 1415 areolatum

240 1438 419 1482 nudum.
442 1434 629 1478 Achenia
656 1433 873 1476 exteriora
890 1433 1166 1487 persistentia
1181 1432 1512 1486 obpyramidata
1528 1431 1799 1474 crassissime
1816 1429 1944 1473 sube-

243 1496 624 1540 roso-4-5-costata
663 1493 777 1535 inter
807 1495 947 1534 costas
984 1491 1199 1545 profunde
1224 1492 1386 1533 sulcata
1420 1491 1540 1545 apice
1574 1493 1773 1533 truncata
1801 1492 1944 1532 rostro

227 1567 389 1599 «crasso
415 1565 632 1607 epapposo
658 1552 726 1593 vel
759 1550 863 1593 setis
900 1551 1044 1605 paucis
1072 1550 1249 1593 minutis
1277 1553 1479 1593 coronato
1503 1551 1746 1600 terminata,
1774 1549 1945 1591 interna

243 1613 420 1656 decidua
466 1614 646 1665 anguste
691 1609 1287 1662 cylindrioo-subprismatica
1334 1620 1527 1664 superne
1559 1608 1794 1652 sublatiora
1827 1607 1945 1661 apice

233 1675 439 1716 truncato
466 1668 978 1725 squamuloso-muricata
1006 1667 1190 1722 abrupte
1226 1671 1369 1711 rostro
1407 1668 1596 1711 liliformi
1632 1667 1855 1722 pappisero
1883 1665 1945 1709 eis

242 1731 408 1785 4-5-plo
448 1729 640 1782 longiore
681 1731 897 1780 superata.
928 1726 1063 1781 Pappi
1104 1730 1207 1770 setae
1248 1727 1398 1780 rigidae
1438 1725 1852 1770 serrulam-scabrae.
1890 1748 1947 1756 —

240 1789 383 1832 Herba
419 1801 562 1831 annua
597 1787 701 1830 facie
730 1785 975 1840 Zacynthoe.
1003 1810 1053 1816 —
1085 1784 1234 1829 Genus
1269 1800 1292 1829 a
1320 1784 1581 1829 Garhadioli
1616 1785 1726 1829 Sect.
1756 1783 1947 1828 secunda

242 1848 519 1891 acheniorum
543 1847 678 1888 forma
696 1849 734 1887 et
762 1845 922 1900 phyllis
941 1844 1156 1888 involucri
1176 1845 1411 1888 fructiferis
1430 1857 1515 1887 non
1533 1843 1751 1888 induratis
1770 1843 1945 1886 achenia

241 1906 563 1949 includentibus
583 1905 851 1955 distinctum,
870 1918 893 1947 a
913 1903 1180 1946 Garhade’olo
1201 1908 1241 1947 et
1261 1903 1534 1957 Rkayadiolo
1552 1916 1634 1947 non
1651 1901 1943 1957 separandum

242 1970 284 2009 et
311 1977 467 2008 nexum
497 1964 548 2006 ad
577 1962 845 2017 Zacynthum
874 1963 1199 2006 demonstrans.

297 2108 340 2148 ’1.
374 2105 437 2148 H.
472 2104 750 2149 Szovitsii
782 2104 848 2160 (F.
880 2108 922 2147 et
949 2105 1002 2146 M.
1036 2105 1116 2147 loc.
1149 2104 1245 2159 cit)
1279 2105 1442 2159 glabra.
1469 2104 1667 2148 caulibus
1694 2104 1851 2148 erectis
1880 2104 1945 2148 vel

237 2163 579 2208 ascendentibus
606 2164 738 2207 semel
763 2164 832 2205 vel
856 2163 920 2205 bis
945 2164 1213 2207 divaricatim
1246 2163 1517 2217 dichotomis‚
1548 2163 1660 2206 foliis
1687 2162 1949 2207 radicalibus

244 2223 644 2277 oboram-oblongis
672 2223 714 2264 in
744 2222 954 2278 petiolum
982 2223 1158 2265 brevem
1187 2223 1421 2266 attenuatis
1450 2221 1856 2276 repando-dentatis
1881 2221 1947 2265 vel

246 2281 780 2335 runcinato-pinnatilidis‚
808 2281 990 2325 caulinis
1020 2282 1088 2323 m
1112 2282 1193 2325 late
1217 2285 1259 2324 et
1287 2285 1408 2324 acute
1436 2281 1950 2335 sagittato-ampleximu-

244 2342 360 2384 libus
385 2340 855 2394 oblongo-lanceolatis⁷
883 2341 1082 2394 capitulis
1116 2340 1311 2395 parvulis
1345 2340 1580 2383 fructiferis
1616 2339 1742 2382 valde
1768 2340 1950 2383 accretis

243 2399 437 2443 alaribus
480 2399 874 2453 terminalibusque
916 2399 1157 2450 sessilibus‚
1188 2399 1492 2442 terminalibus
1539 2398 1783 2453 pedunculo
1824 2398 1951 2452 longo

245 2458 417 2501 demum
435 2457 860 2501 clavato-incrassato
876 2459 1319 2503 suffultis.involucro
1335 2458 1510 2501 achenia
1528 2470 1679 2512 parum
1699 2461 1950 2511 superante,

245 2516 523 2559 acheniorum
563 2517 828 2560 exteriorum
869 2521 991 2570 parte
1030 2518 1242 2560 suberosa
1281 2517 1464 2572 abrupte
1503 2517 1545 2559 in
1591 2519 1782 2560 rostrum
1826 2517 1950 2570 longe

243 2579 468 2619 exsertum
496 2576 714 2618 contracta
745 2580 809 2627 Θ.
834 2575 889 2618 Ic.
916 2575 1041 2619 Jaub.
1068 2579 1110 2619 et
1135 2576 1207 2630 Sp.
1237 2576 1300 2618 lll.
1325 2575 1399 2619 Or.
1428 2575 1503 2628 ΙΙΙ,
1527 2574 1611 2619 tab.
1641 2576 1739 2618 287.

294 2656 396 2692 Hah.
419 2657 459 2692 in
478 2657 654 2692 arenosis
674 2657 869 2693 Armenia?
883 2658 1052 2694 Rossicae
1072 2669 1191 2705 prope
1211 2658 1547 2694 Nackhitchewan
1560 2659 1598 2694 et
1609 2657 1798 2693 Ordubad
1809 2657 1944 2702 (Szovl

249 2704 432 2748 Kowall),
444 2704 578 2740 Persia
593 2704 771 2740 orientali
788 2705 838 2740 ad
852 2705 1058 2741 Schahrud
1072 2705 1219 2752 (Eget),
1234 2706 1273 2741 in
1289 2705 1410 2741 aridis
1426 2710 1535 2753 prov.
1550 2704 1791 2750 Aderbidjan
1807 2705 1950 2740 Persiae

249 2751 417 2786 borealis
437 2750 577 2796 (Aucb.
598 2751 738 2797 48622),
755 2752 1017 2788 Turkestania
1036 2753 1217 2797 (Lentu.)

293 2822 435 2858 Caules
463 2822 620 2869 pedales
650 2823 718 2859 sed
746 2824 863 2859 etiam
885 2824 1184 2872 4-5-pollicares‚
1202 2825 1379 2872 capitula
1410 2824 1607 2861 fruitifera
1634 2823 1786 2870 absque
1815 2823 1952 2859 rostris

243 2870 499 2905 acheniorum
518 2871 603 2917 piso
651 2881 762 2906 arum
784 2872 933 2917 majora
951 2872 1166 2908 turbinata.
1186 2872 1372 2908 Rostrum
1391 2873 1412 2908 4
1431 2872 1558 2908 lineas
1583 2871 1661 2907 fere
1685 2870 1864 2916 longum.
1890 2870 1948 2906 Cl⁴

247 2917 322 2951 lim.
343 2917 440 2952 Gen.
460 2917 503 2961 ΙΙ,
521 2928 545 2964 p
573 2881 648 2953 51³3
671 2919 838 2965 speciem
868 2919 1032 2954 alteram
1052 2919 1331 2964 Affghauicam
1352 2919 1497 2956 indicat
1515 2918 1612 2954 mihi
1631 2917 1809 2964 ignotam
1828 2917 1878 2953 ab
1899 2916 1947 2953 H.

243 2962 428 2999 Szovz'tsi'z‘
440 2963 695 3000 acheniorum
710 2967 819 3011 parte
834 2966 1024 3002 suberosa
1041 2966 1081 3001 in
1101 2969 1271 3003 rostrum
1286 2966 1481 3013 gradatim
1496 2967 1698 3001 attenuata
1715 2964 1952 3000 distinctam.

293 3034 356 3071 Ar..
387 3034 521 3080 Geoqr.
552 3034 713 3072 Deserta
738 3035 1227 3084 Soongaro-Khirghisica.
