2071 3241
111 213 360 261 Carpesium.
844 220 926 247 (3οΜ
932 221 1092 248 posrrAE.
1748 215 1821 252 215

117 294 324 348 petiolum
365 294 544 335 brevem
577 293 813 335 attenuatis
851 293 1246 346 sinuato-dentatis,
1275 294 1475 348 capitulis
1515 297 1821 340 terminalibus

115 353 292 395 cernuis
329 351 515 395 bracteis
547 351 736 394 foliaceis
772 352 927 405 amplis
962 353 1140 395 reflexis
1178 353 1363 407 stipatis,
1404 353 1617 397 involucri
1658 355 1818 409 phyllis

114 409 309 454 externis
332 410 580 454 lanceolatis
607 409 793 452 foliaceis
816 411 976 464 patulis
997 411 1167 454 interna
1190 413 1399 465 adpressa
1426 414 1525 466 plus
1553 414 1694 456 minus
1724 426 1817 457 sca-

116 468 231 512 r10sa
254 469 526 524 aequantibus
547 469 614 512 vel
640 469 952 522 superantibus
985 476 1020 517 26
1035 502 1043 510 .
1069 470 1124 512 Ic.
1149 472 1265 525 Jacq.
1289 471 1440 513 Austr.
1466 473 1562 515 0204.

162 552 260 587 Hah.
279 552 319 586 in
345 551 543 587 umbrosis
565 554 603 587 et
623 550 824 596 sylvaticis
848 551 963 586 Ponti
996 551 1120 587 Lazici
1149 552 1197 587 ad
1228 553 1511 599 Trapezuntem
1541 554 1740 600 (Bourgo,
1764 556 1816 591 ad

112 599 244 635 rivum
262 598 314 634 Of
327 598 464 643 (Ball),
484 599 524 633 in
543 598 732 643 Caucaso,
750 598 876 633 iberia
896 599 934 634 et
950 599 1098 635 ditione
1117 600 1289 635 Taliisch
1306 600 1577 646 (MBQHoht).
1598 602 1765 648 Fl.Aug.

114 671 220 752 1ῘΔΙιῙ.
242 670 375 716 Geoqr.
399 669 594 717 Hispania
613 669 795 714 borealiS,
826 669 972 715 Gallia,
989 670 1182 716 Helvetia,
1204 671 1326 718 Italia,
1346 667 1519 719 'Austria,
1545 675 1653 719 regio
1679 675 1814 711 Danu-

143 728 180 752 1a
199 728 241 752 ts.

173 842 211 883 2.
248 842 303 885 C.
340 840 765 886 abrotanoides
799 841 866 897 (L.
911 842 983 896 Sp.
1031 842 1161 899 1:204)
1204 844 1467 898 pubescenS,
1509 847 1628 889 caule
1669 852 1814 892 erecto

110 901 245 944 ramis
290 901 426 954 longis
468 901 665 953 virgatis,
699 901 815 944 soliis
850 901 893 943 in
922 903 1129 955 petiolum
1157 904 1390 946 attenuatis
1431 905 1610 957 integris
1650 907 1812 950 intimis

108 959 309 1012 oblongis
330 959 510 1002 caulinis
528 959 776 1002 lanceolatis
794 960 1000 1014 utrinque
1018 962 1286 1010 acuminatis,
1305 963 1504 1016 capitulis
1524 964 1670 1017 parvis
1686 977 1812 1009 secus

113 1031 257 1061 ramos
293 1021 334 1060 et
370 1019 562 1062 ramulos
589 1017 844 1062 axillaribus
880 1019 1075 1062 breviter
1102 1020 1402 1074 pedunculatis
1429 1022 1552 1074 longe
1577 1024 1811 1066 racemosis

108 1077 315 1120 secundis*
342 1077 683 1120 subnutantibus
710 1089 793 1119 uon
816 1077 1061 1130 bracteatis,
1084 1079 1299 1122 involucri
1322 1080 1480 1134 phyllis
1498 1081 1813 1125 lutescentibus

112 1135 349 1178 imbricatis
373 1136 535 1178 infimis
558 1136 696 1179 ovatis
714 1137 882 1179 caeteris
902 1137 1097 1190 oblongis
1114 1138 1314 1181 omnibus
1336 1140 1503 1181 obtusis
1535 1146 1594 1186 26.
1620 1139 1674 1182 lc.
1693 1140 1811 1183 Lam.

110 1193 177 1235 Ill..
206 1195 291 1236 tab.
322 1196 407 1236 696

157 1266 258 1302 Hah.
278 1268 318 1302 in
341 1268 532 1304 fruticetis
552 1271 589 1303 et
606 1269 805 1304 umbrosis
824 1268 938 1304 Ponti
955 1268 1081 1304 Lazici
1099 1269 1149 1304 ad
1167 1269 1286 1306 Rhize
1304 1269 1439 1315 (Ball),
1465 1271 1629 1307 Caucasi
1646 1272 1813 1307 orienta-

108 1313 158 1350 lis
173 1315 213 1350 in
227 1314 437 1349 Tuschetia
452 1315 503 1349 ad
515 1315 663 1350 radices
682 1316 829 1351 montis
844 1315 1071 1351 Nakkerala
1082 1317 1207 1363 (Rupr
1219 1319 1255 1362 Ι),
1272 1317 1408 1353 Iberiae
1422 1319 1643 1354 Caucasicae
1658 1319 1812 1363 (Mei),

106 1371 221 1453 {1¹33ng
240 1361 413 1406 Talysch
445 1361 572 1406 (Hohl
603 1362 783 1408 Buhsel),
804 1363 845 1397 in
870 1362 1035 1398 littorali
1062 1364 1225 1399 Ghilani
1251 1364 1393 1400 Persiae
1412 1366 1495 1400 bor.
1525 1365 1725 1409 (Buhsel).
1750 1366 1810 1401 Fi,

156 1472 215 1506 Ar.
234 1470 369 1516 Geoqr.
399 1470 556 1517 Carnia,
574 1471 700 1517 Istria,
719 1472 932 1518 Dalmatia,
952 1472 1118 1519 croatia,
1135 1473 1245 1509 India
1262 1473 1448 1519 borealis,
1467 1474 1606 1510 China.

219 1610 608 1660 SPHAERANTHUS
643 1612 788 1671 (Vaill.
819 1613 903 1661 Aet.
934 1613 1026 1661 Par.
1053 1612 1183 1670 4719,
1208 1613 1291 1661 tali.
1318 1614 1387 1671 20,
1416 1614 1481 1676 ἧς.
1511 1615 1600 1674 12).
1639 1642 1699 1650 —-

453 1675 821 1739 Polycephalos
857 1677 1000 1726 Forsk.
1039 1678 1108 1739 Eq.
1134 1678 1255 1727 Arab.
1283 1693 1321 1740 p.
1348 1678 1448 1727 154.

166 1817 361 1872 Capitula
387 1817 604 1860 discoidea
633 1818 870 1873 paucissora
896 1818 988 1862 basi
1024 1820 1197 1864 bractea
1231 1821 1409 1864 suffulta
1443 1822 1487 1864 in
1514 1823 1806 1875 glomerulum

103 1876 419 1931 -subglobosum
437 1878 675 1931 capitulum
696 1879 946 1932 paleaceum
968 1879 1179 1922 simulans
1200 1880 1333 1922 dense
1358 1884 1598 1934 aggregata.
1619 1882 1809 1927 Flosculi

102 1948 255 1979 omnes
280 1935 486 1983 tubulosi,
515 1936 774 1989 marginales
799 1937 970 1980 feminei
999 1938 1149 1992 plures
1177 1939 1368 1982 tenuiter
1395 1939 1617 1983 filiformes
1641 1943 1804 1985 subtri-

103 1994 278 2045 dentati,
302 1996 516 2038 centrales
545 1996 632 2047 1-2‚
648 1996 910 2038 4-5-deutati
936 1996 1067 2039 limbo
1095 1998 1345 2051 clendrico,
1368 1999 1710 2052 hermaphrodiii
1736 2002 1805 2044 vel

101 2053 258 2096 abortu
281 2049 476 2103 masculi.
512 2054 744 2097 Involucra
775 2055 974 2107 partialia
999 2057 1156 2109 phyllis
1178 2058 1276 2110 plus
1302 2056 1446 2099 minus
1474 2058 1676 2101 carinatis
1704 2073 1805 2103 con·

104 2112 570 2155 stantia.Involucrum
592 2113 794 2166 generale
819 2113 871 2155 ad
891 2113 1014 2157 basin
1037 2115 1263 2168 glomeruli
1284 2115 1560 2158 manifestum
1582 2118 1646 2159 vel
1671 2118 1806 2162 indis-

105 2171 299 2213 tinctum.
338 2169 676 2224 Receptaculum
711 2172 893 2225 partiale
930 2173 1109 2216 nudum.
1151 2174 1358 2217 Antherae
1397 2174 1489 2216 basi
1528 2175 1723 2218 breviter
1761 2180 1804 2221 et

102 2229 294 2271 tenuiter
318 2228 524 2271 caudatae.
551 2228 701 2283 Stylus
722 2230 764 2271 ss.
789 2231 887 2272 fem.
913 2231 1075 2274 bifidus
1101 2231 1263 2286 glaber,
1295 2233 1390 2275 flor.
1421 2234 1556 2275 lierm.
1583 2234 1802 2278 indivisus

103 2286 261 2330 hirtus.
294 2287 486 2329 Achenia
520 2289 706 2331 erostria
732 2301 963 2343 epapposa.
991 2315 1048 2320 ——
1072 2291 1229 2333 Herbae
1252 2291 1504 2334 dichotomae
1527 2292 1639 2335 foliis
1675 2306 1803 2336 secus

105 2358 248 2388 ramos
275 2345 623 2389 decurrentibus.
659 2371 716 2378 —
753 2348 843 2390 Hoc
867 2360 1006 2401 genus
1040 2363 1137 2392 cum
1170 2351 1318 2404 paucis
1345 2350 1544 2394 affinibus
1577 2351 1803 2406 hucusque

101 2404 288 2447 erronee
313 2405 357 2446 in
381 2408 616 2458 systemate
641 2418 775 2460 prope
809 2405 1057 2459 Grangyeam
1082 2409 1336 2451 collocatum
1369 2410 1463 2458 fuit,
1496 2410 1686 2452 anthera}
1712 2411 1802 2453 evi-

100 2462 257 2505 denter
277 2462 370 2505 basi
393 2463 749 2517 appendiculatae.

155 2599 202 2639 ’1.
234 2596 286 2641 S.
321 2599 677 2644 suaveolens
711 2600 817 2654 (nc.
861 2601 1014 2644 Prodr.
1051 2602 1102 2653 V,
1142 2616 1184 2657 p.
1223 2602 1326 2657 370)
1367 2602 1517 2655 glaber
1561 2603 1642 2645 sub
1686 2603 1803 2646 lente

103 2656 269 2699 minute
306 2657 848 2713 tuberculum-punctatim,
871 2661 993 2703 caule
1020 2673 1147 2714 parce
1184 2673 1368 2709 ramoso,
1405 2661 1516 2703 soliis
1554 2662 1801 2706 lanceolatis

100 2715 285 2757 serratis
327 2715 372 2758 in
410 2717 497 2760 alas
536 2718 906 2762 subdentieulatas
945 2719 1294 2771 decurrentibus,
1330 2720 1585 2772 glomerulis
1611 2721 1802 2773 globosis

101 2784 239 2826 supra
253 2774 533 2818 dichotomias
549 2775 938 2831 terminalibusque
950 2778 1208 2831 pedunculis
1223 2777 1431 2820 brevibus
1445 2778 1607 2820 crassis
1618 2782 1802 2831 anguste

101 2832 228 2874 alatis
265 2832 457 2876 suffultis
495 2834 690 2876 avellana
730 2835 1077 2888 subminoribus‚
1115 2837 1337 2888 involucro
1374 2836 1565 2888 generali
1601 2836 1802 2890 obscuro,

104 2888 289 2932 bracteis
328 2891 382 2934 ad
418 2893 711 2946 capitulorum
750 2893 873 2937 basin
911 2894 1344 2948 lineari-spatliulatis
1382 2894 1585 2937 carinatis
1623 2895 1802 2938 hirtulis

102 2947 224 3001 apice
250 2949 402 2993 ciliatis
428 2954 471 2994 et
497 2951 683 3005 abrupte
707 2952 965 2995 acuminatis
996 2952 1200 2996 flosculos
1238 2966 1324 2996 non
1356 2953 1645 3007 aequantibus,
1677 2953 1802 2997 invo-
