2090 3291
219 194 292 231 582
956 206 1200 232 composrrAE.
1742 195 1924 236 Jz'crinea.

820 348 845 396 ξ
880 347 918 387 5.
954 344 1334 389 Subacaules-

284 480 352 521 38.
385 480 433 522 J.
471 479 728 523 Cadmea
762 480 926 526 (Boiss.
963 479 1116 532 Diagn.
1155 479 1248 522 Ser.
1272 479 1305 531 1,
1331 480 1372 532 4,
1400 493 1440 534 p.
1471 479 1548 535 22)
1582 480 1758 533 aemulis,
1792 481 1933 525 rhino-

222 542 336 581 mate
353 539 514 592 saepius
534 551 705 582 ramoso
725 539 956 593 cespitoso.
974 538 1087 581 foliis
1105 539 1307 581 omnibus
1325 540 1533 583 rosulatis
1550 539 1712 583 ambitu
1732 540 1933 594 oblongo-

222 597 473 640 lanceoiatis
505 610 638 652 supra
666 598 914 641 virentibus
940 596 1394 652 scabrido-puberulis
1433 597 1590 642 subtus
1622 599 1740 642 canis
1766 600 1809 641 in
1836 612 1933 654 seg—

222 659 370 698 menta
407 657 575 699 minuta
614 654 738 700 ovata
780 657 848 700 vel
891 656 1075 710 oblonga
1120 656 1274 700 obtusa
1315 670 1430 711 saepe
1472 658 1930 702 sinuato-denticulata

223 715 524 769 pinnatiseclis
545 716 719 759 rachide
748 728 863 770 saepe
887 715 1092 768 lobulata‚
1119 717 1259 771 scapis
1284 716 1488 759 unissoris
1515 717 1629 760 foliis
1653 717 1932 762 brevioribus

225 775 293 816 vel
333 774 564 825 subnullis,
599 775 800 829 capitulis
840 774 1135 818 mediocribus
1167 775 1374 830 globosis,
1403 776 1619 819 involucri
1656 778 1933 820 arachnoidei

224 834 386 888 phyllis
413 834 664 877 lanceolatis
699 836 837 878 aculis
865 834 1059 877 externis
1083 835 1205 890 apice
1228 834 1442 878 herbaceo
1467 836 1801 890 reflexo-patulo
1826 837 1936 880 inte-

223 893 416 936 rioribus
456 894 727 947 longioribus
773 894 978 937 scariosis
1021 895 1167 943 rectis,
1210 895 1389 937 achenio
1433 895 1558 937 brevi
1603 894 1934 949 obpyramidato

223 952 376 995 striato
402 956 445 994 et
467 956 721 996 transverse
745 953 900 996 obtuse
923 953 1225 998 scrobiculato.
1251 954 1382 1009 pappi
1408 954 1586 997 achenio
1609 954 1743 1009 duplo
1769 956 1935 1008 longio-

224 1011 286 1053 ris
309 1012 498 1055 scabridi
525 1013 630 1055 setis
656 1013 820 1055 intimis
844 1012 950 1054 alias
979 1013 1296 1066 superantibus
1325 1017 1368 1055 et
1391 1012 1618 1057 latioribus
1652 1020 1710 1062 26.

272 1089 371 1124 Hah.
389 1090 429 1124 in
451 1089 571 1124 aridis
600 1089 773 1134 regionis
805 1088 950 1136 alpinae
982 1089 1128 1124 montis
1148 1088 1287 1124 Cadmi
1320 1091 1357 1124 et
1384 1089 1516 1125 Tmoli
1538 1099 1656 1135 supra
1688 1088 1874 1135 Bozdagh
1894 1089 1932 1125 in

224 1135 336 1172 Caria
356 1138 393 1172 et
410 1136 535 1182 Lydia
553 1136 703 1179 (Boissl
724 1136 804 1171 Bal.
824 1136 892 1171 2⁴57
905 1138 943 1181 l),
962 1136 1000 1171 in
1021 1136 1222 1172 montibus
1250 1135 1393 1172 insulae
1413 1136 1535 1172 Chios
1553 1136 1659 1172 3500’
1679 1136 1802 1183 (Orph
1816 1139 1850 1177 Ι).

274 1200 382 1235 Folia
402 1200 511 1245 1-11‘2
560 1200 622 1236 oll.
645 1200 777 1246 longa,
796 1200 969 1247 capitula
991 1201 1047 1235 eis
1066 1199 1101 1236 ,1,
1123 1199 1282 1236 humilis
1299 1200 1543 1243 subminora,
1559 1199 1766 1235 achenium
1784 1201 1851 1245 1*χί
1867 1200 1934 1236 lin.

226 1247 404 1293 longum.
425 1250 457 1283 A
477 1247 510 1283 J.
562 1248 676 1283 nmilz'
693 1252 729 1283 et
749 1247 921 1284 Boccom'
940 1247 1124 1283 foliorum
1151 1248 1368 1293 segmentis
1394 1248 1572 1293 sinuatis,
1591 1246 1767 1283 acheniis
1785 1248 1935 1284 scrobi-

224 1296 378 1339 culatis,
400 1296 518 1342 pappi
538 1296 615 1331 sere
634 1296 799 1331 dimidio
819 1295 1013 1331 brevioris
1035 1296 1127 1331 setis
1148 1306 1226 1331 non
1247 1295 1471 1342 aequalibus
1486 1295 1681 1331 distincta.

286 1413 354 1454 39.
387 1413 432 1454 J.
466 1409 688 1467 frigida
720 1411 879 1465 (Boiss.
909 1411 1059 1465 Diagn.
1081 1410 1173 1454 Ser.
1198 1411 1230 1462 Ι,
1250 1413 1290 1454 6.
1310 1424 1350 1465 p.
1373 1410 1477 1465 112)
1502 1411 1680 1461 acaulis.
1698 1410 1935 1453 rhizomale

225 1484 398 1514 ramoso
438 1471 570 1513 dense
605 1472 837 1525 cespiloso.
874 1471 987 1513 soliis
1027 1470 1228 1513 omnibus
1261 1470 1469 1513 rosulatis
1508 1470 1689 1512 minutis
1726 1470 1936 1525 utrinque

223 1532 342 1573 canis
375 1531 538 1572 ambitu
570 1530 1001 1572 lineari-lanceolalis
1036 1531 1077 1571 in
1107 1529 1284 1572 lacinias
1318 1530 1522 1572 minimas
1551 1529 1740 1572 lineares
1774 1529 1934 1571 breves

224 1590 449 1632 revolutas
476 1590 834 1643 pinnatiparlitis,
858 1589 1058 1643 capitulis
1082 1590 1310 1633 sessilibus
1336 1587 1630 1632 mediocribus
1658 1588 1798 1631 ovatis
1824 1588 1938 1632 foliis

226 1649 413 1702 stipatis,
441 1649 656 1691 involucri
687 1649 847 1702 phyllis
884 1649 1305 1702 erecto-paleniibus
1334 1648 1585 1691 lanceolatis
1621 1648 1816 1691 externis
1840 1647 1939 1690 her-

225 1708 368 1750 baceis
394 1709 513 1750 canis
541 1709 726 1750 internis
751 1709 954 1750 scal-iosis
983 1708 1377 1757 1·ubellis,achenio
1396 1707 1595 1761 elongato
1618 1707 1715 1750 laevi
1741 1707 1938 1749 obsolete

227 1771 451 1821 tetragono
491 1767 609 1821 apice
650 1768 719 1809 vix
753 1768 1008 1821 marginato.
1045 1769 1173 1822 pappi
1211 1768 1315 1810 selis
1348 1766 1562 1810 scabridis
1594 1765 1937 1821 subaequilongis

224 1827 404 1869 achenio
440 1826 571 1880 triplo
609 1826 974 1880 longioribus&
1026 1826 1247 1869 Jurinella
1280 1825 1595 1877 absinthifolia
1630 1825 1756 1869 Jaub.
1792 1828 1835 1867 et
1861 1825 1934 1879 Sp.

225 1885 290 1928 Ill.
320 1885 372 1938 ΙΙ,
399 1887 484 1929 lab.
519 1887 613 1928 185.

273 1958 372 1994 Hwb.
406 1959 444 1994 in
480 1959 638 2006 alpibus
672 1959 813 1995 Persiae
847 1959 1031 2003 borealis,
1068 1969 1183 1995 mons
1219 1958 1449 1995 Demavend
1481 1958 1620 2005 (Auch.
1652 1957 1792 2003 48271),
1822 1966 1937 1993 mons

223 2005 411 2042 Totschal
431 2016 551 2053 prope
568 2007 750 2042 Teheran
771 2007 861 2052 (Ky.
879 2007 997 2051 5641).

272 2069 382 2105 Folia
402 2071 551 2116 majora
567 2070 769 2117 pollicaria
784 2070 847 2105 3-4
861 2069 988 2105 lineas
1001 2069 1091 2111 lata,
1103 2069 1272 2117 capitula
1296 2069 1459 2116 magnit.
1475 2069 1507 2105 J.
1523 2067 1681 2105 humilis
1691 2070 1727 2105 et
1741 2067 1937 2114 Cadmeae,

225 2117 273 2152 ah
297 2118 351 2153 eis
374 2117 476 2152 foliis
495 2119 727 2153 tenuissime
747 2118 871 2160 sectis,
893 2117 1068 2153 acheniis
1088 2128 1166 2153 non
1186 2118 1430 2164 marginatis,
1448 2120 1516 2152 etc.
1536 2117 1680 2152 aliena.

285 2234 355 2275 40.
387 2233 434 2276 J.
473 2233 780 2281 filicifolia‚
816 2234 993 2286 amanlis,
1035 2234 1272 2277 rhizomate
1316 2246 1489 2277 ramoso
1534 2233 1774 2287 cespstoso,
1820 2233 1934 2276 foliis

226 2293 429 2335 omnibus
462 2293 667 2335 rosulatis
694 2294 858 2335 ambitu
888 2294 1139 2336 lanceolatis
1169 2306 1301 2347 supra
1336 2293 1497 2346 glabris
1527 2291 1743 2335 viridibus
1775 2292 1935 2335 subtus

225 2352 342 2394 canis
366 2353 409 2394 in
438 2353 613 2394 lacinias
637 2365 796 2406 parvas
827 2353 1020 2395 breviter
1043 2352 1249 2407 oblongas
1271 2353 1450 2395 obtusas
1474 2353 1668 2405 integras
1695 2352 1760 2394 vel
1782 2352 1937 2395 obtuse

226 2411 514 2455 denticulatas
537 2411 742 2454 deorsum
769 2411 1005 2454 diminutas
1032 2412 1390 2467 pinnatipartitis
1414 2412 1617 2465 capitulis
1639 2410 1936 2454 mediocribus

226 2471 457 2513 sessilibus
503 2472 569 2513 vel
615 2471 808 2513 breviter
854 2470 1175 2523 pedunculatis,
1216 2471 1431 2514 involucri
1482 2470 1642 2524 phyllis
1684 2470 1935 2512 lanceolaiis

225 2531 420 2572 externis
468 2542 596 2585 parce
639 2530 863 2572 araneosis
910 2531 976 2572 vel
1019 2530 1226 2584 glabratis
1269 2530 1495 2573 herbaceis
1546 2533 1669 2583 parte
1715 2529 1936 2583 superiori

225 2589 678 2643 reflexo-patentibus.
703 2589 890 2631 internis
915 2589 1119 2631 scariosis
1152 2590 1410 2632 acuminatis
1443 2589 1589 2641 rectis,
1621 2588 1811 2631 acheniis
1838 2587 1937 2630 bre-

226 2649 339 2689 viter
363 2648 708 2702 obpyramidalis
732 2648 916 2691 laevibus
946 2648 1067 2702 apice
1094 2649 1363 2701 marginatis,
1389 2648 1519 2702 pappi
1552 2647 1812 2690 rufescentis
1838 2646 1937 2690 bar-

225 2705 372 2749 bellati
399 2708 575 2750 achenio
600 2708 730 2761 triplo
757 2707 963 2761 longioris
987 2708 1094 2750 setis
1116 2708 1282 2749 intimis
1307 2707 1663 2760 sublongioribus
1698 2712 1757 2754 21.

272 2781 371 2816 Hab.
391 2782 429 2817 in
450 2782 626 2817 districtu
647 2782 784 2827 Alagir
802 2781 966 2817 Caucasi
990 2781 1040 2817 ad
1059 2781 1204 2827 glacies
1223 2779 1465 2823 6000·-6600’‚
1482 2781 1522 2816 in
1543 2780 1707 2816 Caucasi
1731 2778 1937 2815 orientalis

226 2833 359 2911 {nssgge
374 2829 645 2921 &gggebpbala
668 2829 828 2864 ditionis
848 2828 988 2865 Tindal
1009 2832 1047 2864 et
1070 2830 1108 2864 in
1128 2828 1338 2864 Tuschetia
1355 2838 1475 2874 supra
1494 2827 1614 2863 Diklo
1631 2831 1667 2863 et
1686 2827 1799 2863 Dano
1812 2825 1938 2862 9600'-

274 2938 385 2974 Folia
417 2941 454 2975 in
488 2940 768 2975 excelsioribus*
803 2950 891 2975 cum
923 2939 1068 2986 petiolo
1097 2939 1230 2980 1-11s2-
1259 2938 1435 2974 ollicaria
1465 2938 1528 2974 3-4
1557 2938 1623 2973 lin.
1653 2937 1746 2981 lata,
1777 2937 1817 2973 in
1839 2935 1937 2972 locis

226 2986 357 3021 minuc
381 2986 493 3022 ed3‘2is
513 2988 692 3032 ‘longiora
714 2995 751 3022 ei
767 2987 1000 3032 sublatiora‚
1025 2986 1198 3033 capitula
1218 2987 1227 3021 i
1250 2985 1298 3021 lis
1325 2985 1356 3020 .l.
1380 2984 1541 3021 hamdis
1558 2987 1596 3021 et
1614 2984 1824 3032 ‚Lfriyz'dae
1841 2983 1938 3019 sub-
