2090 3291
237 250 315 285 ’768
975 251 1224 278 COMPOSITAE.
1689 241 1953 279 Scor-zonera.

243 331 422 385 vaginas
445 328 632 372 hirtulas
656 327 806 381 glabra
831 325 1002 377 viridis,
1030 325 1268 367 rhizomate
1293 323 1588 367 crassiusculo
1619 324 1814 366 verticali
1841 336 1956 379 saepe

246 388 498 444 pluricipiti‚
527 386 726 429 caulibus
754 384 962 427 tenuibus
989 384 1115 426 elatis
1143 382 1386 437 pauci'foliis
1419 382 1743 437 monocephalis
1777 383 1846 425 vel
1872 383 1957 426 ima

240 448 336 490 basi
360 445 686 492 t'm·catis,foliis
714 443 978 486 radicalibus
1006 442 1254 485 numerosis
1282 441 1512 496 cespitosis
1539 441 1745 496 expansis
1761 442 1954 485 curvatis

240 509 428 560 anguste
464 503 703 547 linearibus
740 513 888 544 crasse
917 498 1164 544 uninerviis
1191 501 1237 543 in
1266 501 1448 555 petiolos
1483 501 1643 543 breves
1679 501 1789 542 latos
1817 500 1953 544 duros

244 565 574 618 vaginaeformes
597 561 801 612 dilatatis,
829 561 1012 604 caulinis
1040 561 1111 602 1-2
1137 559 1370 602 sessilibus
1392 558 1617 607 brevibus,
1642 558 1842 613 capitulis
1863 560 1954 602 lon-

240 625 322 678 gis,
350 622 563 666 involucri
589 620 782 663 tenuiter
807 619 1033 673 cylindrici
1061 619 1222 673 phyllis
1243 618 1391 672 paucis
1418 617 1666 661 lanceolatis
1690 618 1950 661 acuminatis

241 683 398 725 ciliatis
419 682 472 724 ab
498 680 694 722 externis
719 678 928 721 brevibus
946 678 999 720 ad
1019 678 1170 720 intima
1193 678 1419 730 elongatis,
1438 676 1632 719 flosculis
1656 676 1785 719 luteis
1809 681 1954 720 exter-

242 742 312 784 nis
337 741 518 783 rubellis
540 738 767 781 involucro
790 737 1232 791 sesquilongioribus,
1251 736 1441 779 acheniis
1460 736 1599 788 longis
1620 735 1728 779 albis
1747 737 1954 779 teretius·

245 799 353 842 culis
394 800 447 841 ad
482 810 644 841 nervos
680 799 833 839 tenues
871 796 1064 839 elevatos
1102 795 1259 838 eximie
1292 795 1578 846 muriculatis,
1619 795 1748 848 pappi
1786 795 1955 838 sordidi

239 858 425 901 *acbeuio
459 857 693 912 {aquilongi
727 855 862 897 radiis
888 854 980 897 basi
1008 855 1197 898 dilatatis
1228 853 1498 908 longioribus
1530 853 1650 908 apice
1687 852 1853 896 scabris
1891 860 1953 901 26.

246 916 289 959 S.
315 914 630 970 yrame’mjfolia
657 915 718 957 Fl.
746 915 835 956 Pel.
861 927 902 968 p.
928 915 981 956 53
1008 926 1091 956 nou
1118 914 1162 955 L.

292 991 396 1027 Hab.
427 992 466 1026 in
499 989 748 1036 rupestribus
780 988 893 1024 siccis
923 988 1116 1034 Zacynthi
1147 987 1301 1032 (Simu,
1333 986 1494 1032 Margi),
1524 987 1662 1022 Atticae
1691 987 1729 1022 in
1756 987 1957 1023 montibus

243 1038 434 1083 Hymetto
462 1040 499 1073 et
523 1036 722 1072 Pentelico
755 1035 922 1082 (Sprunl
953 1035 1119 1079 Boiss!)‚
1150 1035 1200 1070 ad
1227 1034 1433 1080 Megaram
1464 1034 1640 1080 (Orphl),
1670 1034 1820 1069 Achaia
1839 1045 1956 1081 prope

239 1086 379 1121 Patras
395 1084 569 1129 (Heldri)
588 1087 626 1119 et
644 1083 842 1119 Messenia
858 1083 1025 1127 (Guarin
1037 1085 1077 1126 l),
1095 1081 1240 1118 insulis
1257 1082 1376 1117 Poros
1399 1084 1436 1117 et
1453 1082 1589 1117 Naxos
1607 1081 1786 1126 (Wiedl).

289 1149 431 1184 Caules
450 1148 613 1194 pedales
632 1149 669 1182 et
687 1146 900 1192 longiores,
930 1146 1118 1182 foliorum
1146 1145 1376 1182 radicalium
1396 1145 1545 1180 limbus
1565 1155 1670 1191 saepe
1701 1145 1954 1191 semipedalis

237 1196 387 1232 lineam
407 1199 475 1231 aut
493 1194 776 1241 sesquilineam
796 1193 912 1236 latus,
931 1193 1103 1240 capitula
1125 1193 1297 1228 florifera
1313 1194 1379 1237 1512
1399 1192 1581 1239 pollicem
1603 1191 1733 1237 longa,
1753 1193 1917 1228 aelienia
1934 1193 1956 1228 9

238 1243 365 1279 lineas
388 1243 507 1288 longa
547 1242 703 1288 Species
723 1240 828 1277 foliis
846 1240 924 1276 late
947 1241 1146 1286 vaginatis
1170 1240 1294 1276 limbo
1313 1240 1500 1287 expansis
1522 1239 1702 1285 insignis.
1733 1239 1773 1276 S.
1793 1238 1952 1288 trachy-

234 1300 401 1337 spcrma
419 1290 539 1326 Guss.
562 1289 637 1325 huc
655 1299 759 1335 saepe
778 1289 938 1324 erronee
957 1291 1080 1323 relata
1100 1288 1183 1323 fuit.

303 1415 371 1455 26.
406 1411 456 1456 S.
482 1412 698 1456 stricta
730 1412 886 1466 [Horu.
906 1411 1031 1454 Hort.
1053 1411 1179 1453 Hafn.
1205 1412 1259 1458 ΙΙ,
1283 1424 1326 1465 p.
1357 1411 1441 1452 750
1465 1434 1518 1440 —
1545 1409 1649 1451 ΜΒ.
1670 1410 1801 1452 Taur.
1819 1409 1951 1452 Cauc.

242 1472 320 1523 111,
349 1486 386 1526 p.
417 1472 518 1519 522>
559 1472 702 1513 radice
739 1470 935 1513 verticali
975 1470 1280 1523 crassiuscula,
1319 1469 1428 1511 collo
1467 1481 1716 1524 squamoso,
1753 1469 1953 1512 caulibus

244 1532 369 1574 elatis
408 1531 622 1573 teretibus
661 1531 810 1572 stricte
854 1533 895 1572 et
937 1530 1059 1584 longe
1102 1529 1394 1572 foliosissimis
1437 1540 1629 1582 superne
1677 1527 1953 1570 nudiusculis

246 1591 395 1634 stricte
428 1594 471 1631 ct
509 1589 751 1631 dichotome
787 1589 974 1631 ramosis
1005 1588 1262 1642 corymbose
1295 1587 1601 1642 ⁹2-5-cephalis,
1636 1587 1747 1629 soliis
1773 1589 1956 1641 anguste

247 1648 719 1692 lineari-canaliculatis
754 1648 961 1690 carinatis
988 1647 1300 1691 subtrinerviis
1326 1646 1526 1701 rigidulis
1561 1646 1756 1690 breviter
1783 1650 1824 1687 et
1850 1644 1958 1688 cris·

246 1708 348 1763 pule
377 1709 534 1751 subtus
563 1707 809 1762 praesertim
836 1707 1035 1760 hirsutis,
1062 1707 1326 1750 radicalibus
1349 1707 1514 1749 sensim
1546 1704 1958 1759 vaginam-dilatatis

248 1767 554 1821 superioribus
574 1766 804 1809 sessilibus
829 1765 1094 1809 abbreviatis
1121 1766 1588 1817 setaceo-acuminatis,
1604 1764 1958 1818 capitulislonge

245 1826 551 1880 pedunculatis
589 1826 728 1880 longis
768 1826 980 1878 angustis,
1016 1824 1230 1868 involucri
1271 1824 1498 1879 cylindrici
1540 1823 1699 1878 phyllis
1733 1823 1958 1865 araneosis

246 1885 422 1928 tandem
450 1884 658 1939 glabratis
685 1885 738 1927 ab
774 1885 937 1927 infimis
975 1884 1323 1938 ovato-oblongis
1360 1883 1582 1927 interdum
1618 1882 1878 1925 acuminatis
1903 1880 1956 1924 ad

246 1944 419 1986 interna
453 1945 609 1986 obtuse
640 1944 877 1986 lanceolata
917 1944 1150 1997 elongatis,
1188 1943 1382 1986 flosculis
1420 1943 1553 1986 luteis
1595 1942 1790 1985 externis
1830 1944 1957 1984 extus

244 2002 429 2046 rubellis
452 2003 676 2046 involucro
700 2003 1138 2057 sesquilongioribus,
1159 2003 1351 2045 acheniis
1371 2002 1551 2045 sulcatis
1568 2001 1619 2044 ad
1644 2004 1785 2043 costas
1809 2003 1956 2043 acutas

244 2062 470 2105 muricatis
500 2074 642 2116 pappo
679 2062 856 2105 sordido
890 2061 1171 2115 sublongiore
1197 2062 1419 2116 superatis
1456 2068 1515 2108 26.
1540 2061 1579 2103 S.
1610 2058 1958 2102 Marselealliaua

245 2118 355 2162 C.A.
385 2122 496 2176 Mey.
523 2120 673 2176 Suppl.
703 2121 766 2164 Fl.
785 2122 875 2164 Alt.
906 2121 962 2164 N0
985 2123 1079 2163 168.
1100 2146 1155 2151 -
1177 2120 1217 2163 S.
1246 2120 1406 2162 villosa
1431 2121 1536 2163 M.B.
1565 2119 1617 2170 Il,
1644 2133 1682 2172 p¹
1705 2120 1787 2161 235
1810 2131 1890 2161 non
1912 2117 1957 2158 L.

294 2194 396 2230 Hab.
414 2195 454 2230 in
473 2194 642 2230 collibus
664 2195 784 2230 aridis
803 2195 959 2231 Tauriae
979 2195 1029 2230 ad
1048 2194 1346 2230 Karassubasar
1364 2194 1510 2239 (Stev!)
1530 2197 1567 2228 et
1586 2193 1623 2228 in
1645 2192 1892 2228 Ciscauc-asia
1908 2190 1959 2226 ad

247 2240 287 2276 ss.
306 2241 433 2277 Terek
451 2241 588 2286 (M.B.)
607 2245 645 2278 et
662 2243 713 2278 ad
732 2243 862 2278 rivum
882 2242 1013 2278 Kuma
1032 2242 1238 2287 (Hohenl).

294 2305 601 2353 sesquipedalis,
618 2305 711 2342 folia
731 2309 774 2343 ut
794 2307 834 2342 in
853 2306 892 2343 S.
904 2304 1108 2352 crocz'folz‘c‘z'
1118 2308 1287 2352 angusta
1302 2308 1340 2342 et
1357 2306 1492 2342 stricta
1504 2305 1572 2342 sed
1583 2304 1773 2341 trinervia
1792 2314 1860 2340 nec
1875 2303 1960 2339 uni·

249 2353 388 2388 nervia
407 2363 486 2389 non
504 2364 690 2400 expansa,
709 2353 836 2390 caulis
859 2354 977 2390 dense
997 2353 1177 2389 foliosus.

294 2416 355 2452 Ar.
375 2416 507 2462 Geoqr.
536 2416 677 2453 Bossia
694 2417 890 2461 australis,
911 2417 1117 2463 Songaria„
1135 2417 1279 2453 Sibis-ia
1296 2416 1499 2454 Uralensis
1514 2418 1551 2452 et
1567 2415 1729 2452 Altaica.

308 2545 379 2587 27.
417 2544 466 2588 S.
495 2556 803 2601 purpurea
836 2546 903 2602 [L.
932 2546 1004 2601 Sp.
1035 2546 1170 2603 1113)
1205 2546 1350 2590 radice
1389 2545 1640 2600 cylindrica,
1680 2545 1787 2587 collo
1827 2544 1960 2587 dense

249 2603 427 2657 fibroso,
461 2604 582 2647 caule
610 2606 732 2648 tenui
761 2610 908 2651 erecto
942 2607 1087 2649 foliato
1112 2605 1335 2649 mono-vel
1368 2617 1541 2648 ramose
1569 2604 1845 2659 ‘2-4-cepbalo
1876 2603 1959 2646 sub

248 2663 452 2717 capitulis
477 2675 594 2719 saepe
619 2664 780 2718 lanato,
799 2665 913 2708 foliis
937 2668 1121 2719 anguste
1146 2663 1387 2708 linearibus
1413 2663 1678 2706 radicalibus
1706 2668 1829 2717 parte
1854 2662 1960 2704 inse-

248 2722 357 2764 riori
382 2722 598 2766 villosulis
621 2728 827 2767 caeterum
851 2725 1017 2778 glabris
1043 2725 1163 2767 caule
1185 2724 1466 2768 brevioribus
1489 2723 1673 2767 caulinis
1696 2722 1789 2764 basi
1813 2721 1957 2765 sessili

251 2781 751 2835 semiamplexicaulibus
779 2784 1059 2837 abbreviatis,
1085 2783 1286 2838 capitulis
1313 2782 1584 2838 majUsculis,
1618 2781 1834 2824 involucri
1861 2780 1959 2823 bre-

248 2839 364 2881 viter
395 2840 621 2894 cylindrici
647 2843 843 2887 araneosi
868 2843 1182 2897 glabrescentis
1209 2843 1369 2897 phyllis
1395 2842 1543 2896 paucis
1568 2840 1808 2883 imbricatis
1833 2840 1959 2882 obtu-

252 2899 312 2940 sis
344 2899 397 2941 ab
435 2900 631 2943 externis
668 2901 1202 2956 triangulari-lanceolatis
1241 2902 1396 2945 ciliatis
1427 2901 1483 2944 ad
1515 2901 1689 2942 iuterna
1723 2899 1958 2942 lanceolata

249 2957 402 3010 auctis,
428 2958 618 3002 flosculis
647 2961 885 3016 purpureis
909 2961 1224 3016 marginalibus
1249 2961 1476 3004 involucro
1505 2958 1730 3014 '1¹f2·Q-plo
1756 2957 1960 3011 longiori-

250 3014 348 3069 bus,
377 3016 567 3060 aclieniis
594 3020 811 3072 angulatis
839 3019 1161 3064 subattenuatis
1188 3019 1244 3063 ad
1268 3023 1411 3064 costas
1440 3020 1601 3074 saepius
1629 3019 1784 3061 levitcr
1811 3017 1962 3060 tuber-
