2126 3246
163 199 336 237 Galzum.
901 207 1123 232 RUBIACEAE.
1815 200 1863 235 49

212 279 313 315 Hah.
335 279 375 314 in
395 278 517 325 pratis
539 277 744 323 sylvaticis
762 278 930 322 Tauriae,
947 277 1124 322 Caucasi,
1143 278 1322 323 Georgiae
1335 281 1371 314 et
1387 279 1577 315 Imeretiae
1601 280 1732 324 (MR,
1752 281 1859 317 Hohl

166 325 374 370 Hausskl),
393 336 500 372 prov.
524 325 751 369 Karabagh.

209 391 271 425 Ar.
292 389 423 433 Geoqr.
444 388 611 432 Austria‚
631 387 744 422 ltalia
762 387 905 431 media,
920 388 1026 432 regio
1040 387 1289 432 Danubialis,
1303 387 1443 423 Rossia
1460 388 1591 423 media
1609 391 1646 424 et
1664 390 1860 435 australis,

168 437 312 472 Sibiria
331 436 472 479 omnis,
490 435 671 471 America
690 435 840 470 arctica.

223 552 261 592 3.
297 550 358 592 G.
389 547 791 591 valantioides
820 548 946 603 (MR.
973 549 1106 591 Taur.
1133 547 1257 591 Cauc.
1292 549 1324 602 Ι,
1359 563 1400 604 p.
1442 550 1543 602 102)
1573 550 1692 592 caule
1717 555 1859 593 erecto

164 609 312 664 patule
333 607 764 663 pubescenti-villoso
789 607 857 649 vel
882 606 1170 660 glabrescenti
1204 619 1395 662 superne
1422 609 1661 650 dicliotoine
1694 613 1736 652 et
1759 609 1861 652 sub-

165 667 417 721 corymbose
444 678 629 718 ramoso,
661 666 772 708 foliis
805 666 1029 720 quaternis
1056 666 1480 720 rhombeo—oblongis
1515 667 1667 709 obtuse
1700 669 1860 710 acumi—

164 727 276 769 natis
302 725 527 768 trinerviis
553 725 744 778 margine
772 727 814 767 ct
845 724 999 767 subtus
1034 725 1087 766 ad
1119 736 1278 767 nervos
1307 726 1517 768 scabridis
1541 727 1608 767 vel
1647 727 1860 780 pilosulis⁷

163 785 298 837 cymis
344 782 643 826 terminalibus
691 787 732 826 et
776 795 829 826 ex
877 783 1018 825 axillis
1062 783 1281 837 supremis
1318 784 1512 827 breviter
1558 785 1860 838 pedunculatis

163 842 481 895 confertissoris‚
520 842 742 896 pedicellis
780 842 887 884 flore
930 841 1205 884 brevioribus
1248 843 1482 885 fructiferis
1523 844 1861 898 erecto—patulis,

163 902 332 944 corolla}
358 901 466 942 albae
499 901 607 943 lobis
642 901 837 954 oblongis
875 901 1069 952 obtusis,
1101 901 1246 943 fructu
1271 901 1419 954 glabro
1461 902 1604 944 rarius
1632 903 1863 956 papilloso—

162 960 379 1014 hispidulo
418 966 476 1008 36.

211 1034 312 1069 Hab.
350 1036 389 1070 in
421 1034 615 1080 lapidosis
646 1034 816 1078 regionis
846 1033 1066 1079 subalpinae
1095 1035 1132 1068 et
1161 1032 1304 1079 alpinae
1331 1033 1450 1068 totius
1469 1033 1632 1068 Caucasi
1660 1037 1697 1068 et
1727 1034 1862 1070 Iberiae

162 1080 289 1126 (MR,
308 1081 400 1116 CA.
420 1082 528 1127 Mey!
548 1081 734 1125 HohenU,
755 1080 921 1116 Caucasi
941 1080 1145 1115 orientalis
1165 1080 1390 1115 wolf-840&
1412 1080 1619 1124 (Owerinl)

210 1145 410 1181 Foliorum
429 1145 553 1180 forma
574 1148 610 1179 et
628 1143 773 1179 corolla
791 1144 935 1179 mutica
954 1155 976 1178 a
999 1143 1044 1180 G.
1064 1143 1238 1179 rubz'oz'de
1256 1144 1494 1180 distinctum.

222 1258 260 1298 4.
298 1256 358 1300 G.
387 1255 842 1299 rotundifolium
871 1255 936 1309 [L.
962 1254 1033 1309 Sp.
1067 1255 1168 1310 156)
1195 1256 1389 1298 caulibus
1411 1257 1642 1309 gracilibus
1670 1258 1859 1300 flaccidis

163 1315 460 1359 erectiusculis
486 1315 798 1369 quadrangulis
820 1314 980 1367 glabris
1001 1316 1064 1356 vel
1087 1314 1226 1367 hirtis,
1253 1315 1365 1357 foliis
1392 1317 1616 1369 quaternis
1641 1316 1860 1370 subpetio-

162 1375 259 1416 latis
293 1374 430 1416 ovatis
462 1373 627 1416 obtusis
655 1373 879 1415 trinerviis
902 1374 1095 1426 margine
1128 1377 1169 1416 et
1206 1373 1259 1416 ad
1293 1385 1452 1416 nervos
1489 1375 1707 1426 setulosis,
1740 1376 1859 1428 pani-

162 1433 258 1475 cula
292 1433 509 1475 terminali
549 1432 839 1486 pedunculata
881 1432 1117 1474 divaricata
1158 1432 1395 1487 paucissora
1447 1433 1580 1475 ramis
1624 1434 1859 1486 elongatis,

163 1491 387 1546 pedicellis
424 1491 531 1533 flore
562 1490 841 1543 longioribus,
875 1491 1044 1533 corolla?
1082 1491 1187 1533 albae
1212 1491 1320 1533 lobis
1354 1492 1491 1533 ovatis
1530 1493 1681 1543 acutis,
1717 1495 1856 1534 fructu

163 1550 500 1605 setoso-hispido
536 1556 573 1598 36
587 1583 594 1589 .
629 1549 683 1592 Ic.
712 1549 828 1604 Jacq.
853 1550 1003 1592 Austr.
1027 1549 1112 1592 tab.
1137 1551 1205 1591 94.

210 1623 310 1658 Hah.
339 1627 379 1658 ln
410 1623 611 1668 sylvaticis
638 1622 858 1669 subalpinis
888 1625 927 1658 et
957 1623 1101 1669 alpinis
1124 1624 1268 1659 montis
1292 1622 1366 1659 Del
1398 1623 1438 1658 hi
1462 1624 1607 1659 Eubeae
1639 1626 1676 1659 et
1698 1624 1860 1670 Olympi

162 1670 348 1706 Thessali
386 1671 450 1705 alt.
490 1670 717 1705 wod-550&
761 1669 956 1715 (Heldrl),
999 1671 1143 1705 montis
1186 1671 1311 1706 Athos
1390 1672 1589 1706 acedoniae
1631 1671 1858 1706 12ijio’-3o00'

160 1717 360 1762 (Griseb.)‚
391 1717 519 1752 Cretae
546 1718 595 1752 ad
619 1717 890 1752 Enneachoria
907 1717 1110 1764 Eparchiae
1129 1717 1336 1753 Kissamos
1363 1718 1465 1753 15oo'
1485 1718 1671 1762 (Helm-l),
1698 1718 1859 1763 Olympi

162 1764 326 1809 Bithyni
356 1764 495 1808 (Auen.
523 1764 609 1800 730!
640 1764 804 1809 Boissl),
840 1765 955 1799 Ponti
984 1764 1113 1800 Lazici
1143 1775 1261 1811 supra
1292 1765 1410 1800 Rhize
1442 1765 1545 1801 1000*
1577 1765 1668 1810 (Bal
1683 1766 1719 1810 1),
1748 1776 1856 1810 prov.

164 1812 503 1847 Transcaueasicae
529 1811 703 1856 Talysch
721 1810 951 1847 3000'-5000'
972 1812 1082 1857 (CA.
1101 1811 1236 1857 Mey.).

207 1886 269 1920 Ar.
298 1885 429 1929 Geoqr.
456 1885 719 1920 Scandinavia
739 1883 960 1929 australior,
979 1884 1121 1928 Gallia,
1140 1884 1333 1929 Helvetia,
1354 1884 1577 1927 Germania,
1598 1885 1802 1920 Lusitania
1821 1886 1859 1919 et

161 1931 354 1978 Hispania
373 1931 567 1977 centralis,
586 1931 754 1976 Corsica,
771 1931 896 1975 Italia,
916 1931 1024 1977 regio
1043 1931 1290 1968 Danubialis.

790 2072 812 2126 g
847 2073 885 2113 Ξ.
914 2071 1229 2127 Leioqalia.

220 2207 261 2247 5.
298 2204 357 2247 G.
387 2204 749 2258 sylvaticum
789 2203 855 2258 (L.
889 2202 960 2258 Sp.
990 2203 1091 2258 155)
1132 2204 1293 2258 saepius
1330 2203 1526 2256 glabrum
1566 2204 1858 2256 glauceseens,

161 2264 281 2307 caule
297 2263 462 2316 virgato
489 2266 633 2305 erecto
658 2263 768 2305 elato
795 2275 966 2304 ramoso
998 2261 1278 2304 teretiusculo
1311 2263 1356 2304 in
1378 2263 1622 2316 paniculam
1646 2263 1859 2316 amplissi-

161 2335 272 2365 mam
297 2323 433 2364 laxam
455 2322 644 2374 abeunti,
665 2321 777 2364 foliis
800 2321 1253 2373 oblongo-lanceolatis
1277 2321 1442 2363 obtusis
1460 2322 1723 2363 mucronalis
1747 2334 1858 2363 mar-

159 2382 257 2434 gine
281 2381 446 2424 scabris
468 2381 650 2423 caulinis
681 2380 860 2433 octoniS‚
882 2379 1105 2434 pedicellis
1126 2380 1404 2433 capillaribus
1429 2380 1536 2421 flore
1563 2380 1633 2421 vix
1657 2380 1857 2432 longiori-

160 2440 243 2482 bus
263 2439 512 2494 junioribus
534 2438 790 2482 nutantibus
811 2438 1047 2481 fructiferis
1070 2438 1410 2492 erecto-patulis,
1429 2438 1598 2480 corollae
1622 2438 1735 2480 lobis'·
1753 2439 1856 2481 tubo

160 2498 428 2552 longioribus
451 2499 602 2551 acutis,
624 2498 769 2540 fructu
791 2497 938 2550 glabro
961 2497 1166 2549 ruguloso
1202 2503 1238 2544 36
1253 2528 1262 2536 .

209 2571 312 2608 Hab-
336 2572 376 2606 in
401 2571 592 2617 quercetis
614 2571 812 2605 umbrosis
830 2570 1007 2605 Thraciae
1030 2581 1149 2651 lssope
1173 2570 1326 2605 Ruskoi
1355 2570 1424 2605 alt.
1451 2570 1553 2606 1000’
1577 2571 1782 2615 (misem),
1816 2571 1856 2606 in

160 2618 285 2654 iberia
303 2618 512 2653 Caucasio-a
529 2617 664 2662 (Wilh.
683 2620 721 2653 et
739 2617 839 2652 Hoh.
859 2627 906 2652 ex
930 2617 1031 2652 Lede
1067 2619 1108 2661 J).
1136 2617 1168 2651 E
1186 2617 1333 2652 ditione
1351 2617 1526 2653 nondum
1544 2617 1638 2653 vidi.

207 2684 271 2718 Ar.
296 2683 431 2728 Geqor.
458 2682 616 2728 Europa
645 2682 776 2717 media
806 2692 830 2716 a
860 2682 989 2716 Dania
1023 2683 1060 2716 et
1086 2681 1298 2716 Germania
1333 2681 1384 2716 ad
1419 2681 1600 2716 Rossiam
1634 2681 1804 2716 mediam
1823 2683 1860 2716 et

157 2729 372 2766 australem
390 2731 427 2765 et
448 2740 495 2764 ex
514 2729 709 2776 Hispania
725 2728 874 2764 boreali
893 2729 940 2764 ad
962 2729 1203 2764 Dalmatiam
1222 2729 1259 2762 et
1277 2728 1477 2774 regionem
1496 2728 1772 2763 Danuhialem.

222 2847 260 2887 6.
296 2845 357 2888 G.
385 2844 710 2887 aristatum
745 2843 809 2899 (L.
837 2843 950 2897 Syst.
985 2843 1043 2896 ΙΙ,
1079 2857 1122 2898 p.
1156 2842 1255 2898 118)
1287 2843 1506 2895 glabrum,
1539 2843 1659 2885 caule
1694 2843 1858 2895 virgato

162 2906 305 2946 erecto
350 2903 459 2946 elato
508 2915 678 2945 ramoso
724 2902 1003 2945 teretiusculo
1046 2903 1091 2945 in
1138 2902 1379 2956 paniculam
1432 2901 1616 2956 amplam
1671 2907 1858 2943 erectam

160 2962 363 3015 abeunte,
387 2962 500 3004 foliis
522 2962 768 3005 lanceolatis
796 2961 1000 3016 utrinque
1025 2961 1258 3004 attenuatis
1283 2961 1420 3003 acutis
1448 2961 1712 3002 mucronatis
1747 2972 1859 3001 mar-

1625 3034 1647 3069 4
