2126 3246
190 242 356 279 Crucicm
362 244 448 282 clla.
927 255 1151 281 RUBIACEAE.
1845 244 1890 279 21

249 347 288 384 y.
315 326 736 381 braehystachya.—
762 328 899 383 Spicae
926 329 1189 372 abbreviat-ae
1213 331 1455 377 densiores,
1481 329 1664 370 bracteae
1686 326 1891 369 manifes-

187 386 274 429 tius
318 386 573 429 acuminatae
624 387 929 440 glabrinsculae
974 390 1042 430 vel
1080 389 1251 441 ciliatae,
1291 387 1390 430 folia
1433 387 1697 440 angustiora.
1738 384 1806 414 —'
1832 386 1881 428 C.

186 444 373 497 Syriaca
397 444 537 488 Boiss.
567 446 719 499 Diagn.
744 446 836 489 Ser.
861 447 893 500 Ι,
925 448 991 500 10,
1020 461 1059 501 p.
1085 449 1153 490 58.

232 517 333 553 Hab.
362 519 400 553 in
429 519 675 565 rupestribus
702 519 825 565 Syriae
853 519 1025 556 borealis
1053 521 1154 556 circa
1179 520 1430 556 Antiochiam
1455 519 1640 564 (Boissl),
1673 518 1820 554 Ciliciae
1839 519 1888 554 ad

185 564 402 601 Bouloukli
422 576 541 612 prope
561 565 736 601 Mersina
754 566 843 611 (Bal
853 567 888 612 !).

244 638 281 682 δ.
299 638 568 690 penicillum.
591 664 646 668 —
669 639 805 693 Spicze
823 652 939 693 sepae
962 640 1224 683 abbreviatae
1246 645 1288 684 et
1305 641 1490 684 bracteae
1514 640 1730 682 acutiores
1749 640 1890 682 varie-

184 699 282 742 tatis
307 717 345 756 y,
368 699 445 740 sed
469 698 598 740 tubus
616 699 852 741 corollinus
872 700 999 741 valde
1022 700 1249 743 scabridus
1272 700 1481 753 limbique
1505 698 1591 741 lobi
1617 703 1744 741 extus
1770 700 1889 752 peni-

183 756 361 799 cillatim
382 756 555 810 hispidi.
586 782 640 787 -
665 757 706 800 C.
725 757 988 809 penicillata
1014 759 1154 801 Boiss.
1181 759 1334 812 Diagn.
1362 759 1455 801 Ser.
1479 760 1510 812 I,
1539 759 1578 811 3,
1601 771 1641 812 p.
1667 759 1735 799 26.

229 831 328 866 Hah.
358 832 396 865 in
425 831 672 878 Cappadocia
701 831 751 867 ad
781 831 1023 914 Euphratem
1048 833 1190 877 (Auch.
1209 832 1331 877 6741),
1351 833 1483 868 Tauro
1508 831 1665 867 Cilicico
1685 831 1734 866 ad
1755 831 1887 867 Gulek

181 879 342 924 Boghas
362 878 450 923 (Bal
460 880 498 923 Ι),
517 879 557 913 in
576 880 708 914 monte
723 878 830 914 Ssoff
856 878 934 924 agh
954 879 1079 925 Syriae
1095 880 1266 915 borealis
1284 879 1506 924 (Hausskl).

227 942 367 988 Typus
406 942 524 988 spicis
568 943 746 987 angustis
788 941 1022 979 laxiusculis
1071 954 1175 989 saepe
1223 943 1564 990 3-5-pollicaribus
1602 942 1639 978 C.
1679 942 1886 988 lacz'folz'am

181 990 297 1026 refert
328 993 495 1035 quacum
528 999 631 1035 saepe
670 989 858 1025 confusus
895 990 978 1035 fuit,
1010 990 1169 1026 corollis
1201 990 1317 1036 longe
1342 989 1505 1025 exsertis
1539 989 1786 1035 bracteisque
1808 999 1885 1024 non

178 1037 355 1073 connatis
372 1039 503 1072 tamen
514 1036 845 1072 distinctissimus.
862 1037 1108 1073 Intermediis
1119 1038 1261 1073 transit
1275 1038 1325 1072 ad
1337 1038 1505 1074 formam
1521 1036 1883 1082 brachystachyam

182 1083 219 1120 C.
234 1082 415 1119 Graecam
433 1083 662 1119 referentem
688 1083 756 1120 sed
774 1083 941 1120 bracteis
965 1085 1214 1121 brevioribus
1240 1094 1319 1120 non
1345 1084 1531 1120 carinatis
1557 1094 1627 1120 nec
1651 1085 1767 1128 longe
1793 1085 1886 1117 atte-

180 1130 565 1176 nuato-acuminatis,
591 1129 749 1167 corollae
769 1131 865 1167 tubo
889 1131 1049 1177 longius
1067 1134 1220 1168 exserto
1249 1132 1302 1167 ab
1328 1135 1373 1167 ea
1401 1131 1635 1166 distinctam.
1666 1130 1842 1166 Varietas
1868 1128 1891 1162 o*

179 1178 338 1214 nonnisi
355 1177 512 1213 corollae
529 1177 761 1214 indumento
778 1177 918 1213 differt.

240 1307 278 1348 3.
308 1305 363 1349 C.
393 1305 600 1349 Graeca
625 1305 789 1360 (Boiss.
813 1305 966 1359 Diagn.
989 1304 1082 1347 Ser.
1112 1305 1143 1359 I,
1168 1307 1207 1359 3,
1232 1319 1271 1359 p.
1294 1305 1369 1360 25)
1395 1317 1553 1358 annua,
1582 1304 1694 1346 foliis
1719 1303 1883 1346 infimis

180 1364 321 1408 ovatis
360 1365 424 1407 vel
459 1364 662 1418 ellipticis
689 1365 862 1407 caeteris
901 1363 1140 1406 linearibus
1179 1365 1391 1407 scabridis
1424 1364 1620 1417 margine
1656 1362 1884 1415 revolutis,

178 1424 375 1467 caulibus
403 1423 560 1466 erectis
584 1424 652 1466 vel
677 1422 1053 1476 decumbentibus,
1076 1424 1208 1477 spicis
1233 1424 1356 1477 longe
1382 1422 1685 1477 pedunculatis
1704 1422 1883 1476 quadri-

176 1483 330 1526 fariam
353 1482 590 1525 imbricatis
614 1481 923 1535 breviusculis,
955 1482 1128 1524 racliide
1152 1482 1314 1537 glabra,
1343 1482 1528 1524 bracteis
1553 1479 1882 1536 sub-<equalibus

177 1554 199 1584 a
224 1542 316 1583 basi
341 1541 425 1584 late
451 1541 690 1585 lanceolata
714 1541 841 1596 longe
871 1542 1377 1584 attenuato-acuminatis
1403 1553 1539 1583 nervo
1570 1540 1697 1582 viridi
1729 1551 1881 1581 crasso

178 1601 382 1644 carinatis
414 1600 610 1654 margine
631 1601 975 1643 membranaceis
1003 1600 1173 1654 ciliatis,
1197 1602 1356 1643 corolla
1395 1601 1593 1642 bracteas
1629 1601 1882 1653 superante,

175 1659 296 1703 limbi
339 1659 450 1702 lobis
484 1660 623 1702 ovatis
653 1660 698 1702 in
722 1659 901 1702 aristam
934 1660 1162 1702 incurvam
1193 1662 1259 1703 vel
1288 1660 1570 1703 circinnatam
1595 1659 1881 1713 aequilongam

175 1718 456 1771 abeuntibuS,
494 1719 765 1772 mericarpiis
799 1718 994 1772 oblongis
1029 1718 1366 1763 albo—lineolatis
1403 1723 1467 1769 Ε).
1508 1718 1539 1761 C
1586 1716 1882 1770 Mon-spellam

176 1777 237 1820 Fl.
257 1775 394 1820 Graec.
414 1776 467 1830 II,
485 1790 526 1831 p.
547 1779 616 1831 31,
641 1779 726 1821 tab.
749 1779 831 1820 1140
855 1791 940 1819 non
960 1777 1005 1819 L.
1020 1800 1079 1808 -—
1097 1777 1417 1833 C.AE9ypti(1ca
1435 1778 1478 1820 L.
1501 1777 1630 1819 Mant.
1659 1790 1697 1832 p.
1720 1776 1805 1818 38⁹?
1826 1800 1879 1805 —

176 1836 216 1879 G.
246 1835 485 1889 Bithynice
510 1836 650 1880 Boiss.
687 1837 838 1890 Diagn.
868 1836 963 1879 Ser.
1000 1836 1032 1890 I,
1072 1839 1136 1891 10,
1166 1851 1206 1892 p.
1241 1839 1296 1880 58
1330 1837 1485 1891 (forma
1525 1837 1638 1879 foliis
1675 1835 1881 1879 omnibns

172 1895 428 1938 linearibus.

220 1968 322 2004 Hah.
332 1968 373 2004 in
390 1968 525 2013 vineis,
543 1969 712 2005 collibus
732 1971 870 2006 Atticae
889 1971 938 2007 ad
957 1970 1170 2006 Phalerum
1189 1972 1227 2006 et
1244 1970 1477 2006 Heracleam
1492 1969 1626 2013 (Boiss
1643 1971 1680 2014 1),
1697 1968 1879 2004 Thraciae

172 2015 317 2060 (Frivl)
346 2018 383 2050 et
404 2016 456 2051 ad
473 2016 766 2064 Philippopolin
787 2018 985 2062 (Jankal),
1021 2018 1261 2054 Macedoniae
1280 2017 1330 2053 ad
1348 2018 1676 2053 Thessalonicam
1706 2016 1881 2060 (Oi-phi),

171 2061 371 2155 &gglffiniae
400 2063 606 2109 (Gi-nebi),
634 2065 818 2110 Phrygiae
846 2076 964 2113 prope
993 2065 1158 2102 Ouehak
1189 2068 1227 2101 et
1243 2065 1380 2111 Lydia)
1411 2065 1451 2100 in
1476 2068 1585 2111 parte
1603 2064 1733 2100 media
1752 2063 1880 2109 Sipyli

216 2173 250 2208 A
276 2171 312 2208 C.
337 2171 594 2220 anqustisolz'c‘z*
613 2173 771 2210 corollis
789 2175 907 2222 triplo
923 2176 1153 2221 majoribus,
1168 2175 1333 2211 bracteis
1349 2175 1466 2221 longe
1487 2174 1724 2210 acuminatis
1743 2173 1877 2208 statim

171 2218 457 2265 dignoscenda3
481 2220 646 2268 spiculae
668 2232 774 2268 saepe
797 2222 960 2258 bitlorae.
985 2223 1041 2258 Cl.
1061 2223 1277 2259 Grisebach
1298 2223 1529 2258 observante
1565 2222 1601 2258 C.
1632 2221 1881 2268 zEyyptz'aca

170 2265 210 2302 L.
230 2265 366 2312 planta
392 2267 497 2303 culta
528 2267 603 2304 hnc
617 2268 748 2304 forsan
769 2269 901 2316 potius
919 2280 1040 2316 quam
1067 2269 1117 2305 ad
1138 2270 1177 2306 C.
1198 2269 1432 2306 herbaceam
1451 2269 1587 2305 Forsk.
1616 2271 1777 2316 spectat,
1809 2267 1878 2304 sed

170 2316 305 2349 nostra
320 2314 360 2349 in
379 2314 549 2361 AEgypto
567 2325 645 2351 non
664 2315 794 2352 obvia.

232 2440 270 2481 [ι.
306 2439 360 2482 G.
393 2438 656 2485 disticha
682 2441 843 2497 (Boiss.
873 2443 1027 2498 Diagn.
1055 2443 1148 2487 Ser.
1178 2445 1209 2497 I,
1244 2445 1285 2497 3,
1312 2457 1351 2498 p.
1381 2444 1456 2497 25)
1485 2457 1641 2497 annua,
1676 2443 1876 2485 caulibus

170 2499 329 2540 erectis
355 2500 422 2540 vel
448 2499 621 2543 diffusis
643 2500 915 2544 divaricatim
939 2502 1139 2557 ramosiS,
1162 2503 1276 2545 foliis
1302 2502 1513 2546 scabridis
1536 2503 1731 2556 margine
1750 2514 1877 2545 revo-

168 2556 273 2599 lutis
302 2557 464 2599 infimis
492 2558 742 2602 lanceolatis
765 2561 936 2603 caeteris
962 2562 1217 2614 linearibus,
1237 2562 1369 2616 spIcis
1394 2562 1698 2616 peduncnlatis
1725 2561 1875 2603 densis

168 2614 409 2658 linearibus
438 2617 651 2671 distichis,
679 2619 853 2662 rachide
875 2620 1099 2674 pruinosa,
1124 2621 1311 2663 bracteis
1331 2621 1577 2663 lanceolatis
1599 2620 1737 2662 acutis
1760 2633 1876 2662 mar-

167 2673 266 2727 gine
295 2675 722 2719 scabrido-ciliatulis
751 2679 959 2722 exteriori
995 2680 1263 2733 sublongiori
1299 2680 1491 2722 carinata
1515 2679 1875 2729 11·ine1·vi,11ervis

164 2733 327 2774 crassis
355 2734 511 2776 albidis
535 2734 790 2779 lateralibus
813 2738 1177 2792 marginantibus,
1206 2739 1380 2780 corollae
1400 2740 1502 2781 tubo
1524 2738 1714 2781 bracteis
1739 2738 1872 2792 duplo

167 2791 376 2845 longiore,
405 2793 524 2835 limbi
548 2794 659 2837 lobis
683 2794 807 2850 longe
834 2798 1029 2840 caudatis
1056 2802 1120 2848 G).

213 2864 316 2900 Hab.
343 2865 383 2900 in
414 2865 568 2902 collinis
603 2870 641 2903 et
669 2869 867 2906 montanis
893 2869 1030 2915 Lydiae
1059 2871 1096 2906 in
1122 2871 1325 2906 montibus
1356 2881 1475 2917 supra
1505 2870 1732 2907 Boni-nabat
1753 2880 1876 2917 prope

166 2909 377 2957 Smyrnam
408 2912 594 2959 (Boissl),
625 2915 665 2950 in
689 2915 830 2951 Tmolo
854 2927 975 2963 supra
1001 2917 1140 2963 Birghi
1166 2918 1267 2962 (Bal.
1286 2928 1366 2953 exs.
1392 2918 1516 2962 2271),
1542 2919 1581 2954 in
1610 2918 1729 2963 Lycia
1752 2927 1873 2964 prope

166 2956 324 2994 Elmalu
356 2958 551 3006 (Bouigl),
581 2961 754 3015 Phrygia
782 2973 902 3033 prope
933 2964 1097 3000 Ouchak
1129 2964 1265 3010 (Ball),
1296 2965 1545 3011 Cappadocia
1573 2966 1624 3001 ad
1650 2965 1872 3001 Caesaream

165 3003 267 3047 (Bal.
287 3016 367 3041 exs.
387 3007 464 3042 sub
483 3006 522 3043 C.
541 3007 819 3055 pemczllatlz‘.).
