2066 3296
119 207 317 245 Carduus.
850 218 1091 245 composrrAE.
1744 208 1813 244 517

117 293 201 332 tam
226 288 459 332 carinatam
494 289 819 332 canaliculatam
848 291 1038 333 reflexo·
1049 294 1264 344 patentem
1294 291 1338 332 in
1367 290 1534 344 spinam
1567 289 1812 333 subulatam

119 347 312 391 flosculis
337 347 624 402 aequilongam
654 348 883 392 abeuntem
911 349 1156 403 contractis,
1174 349 1336 391 intimis
1357 347 1559 390 scariosis
1577 348 1812 402 purpureis

119 406 361 449 inermibus
387 406 517 449 rectis
540 407 613 460 (ᾖ.

165 471 256 506 Hab
288 471 329 506 in
350 472 569 507 declivibus
588 473 743 509 saxosis
763 472 884 509 aridis
913 473 1094 519 Georgiae
1120 473 1341 509 Caucasicae
1367 473 1465 508 circa
1489 471 1755 507 Helenendorf
1775 474 1813 506 et

119 518 160 554 in
179 518 327 554 ditione
344 518 516 565 Talysch
536 519 680 563 (Hohl)

163 573 320 609 Pedalis
343 573 405 609 vel
423 574 721 621 sesquipedalis,
739 574 836 611 folia
851 575 922 611 vix'
937 576 1120 617 coi-iacea,
1139 575 1310 622 capitula
1330 575 1384 610 eis
1408 574 1437 610 C
1464 574 1640 610 nutantis
1660 573 1812 609 minora

117 621 254 656 formae
273 621 450 665 diversae,
469 621 608 668 phylla
626 625 669 657 ut
687 622 725 657 in
747 621 784 658 C.
803 622 964 658 nutanti
973 632 1093 669 supra
1111 622 1225 658 basin
1242 622 1365 657 latam
1383 624 1576 657 contracte
1593 620 1660 656 sed
1687 620 1810 655 multo

117 667 471 750 ugnustnumerosa
488 669 578 704 etin
593 669 848 716 appendicem
862 669 1130 715 angustiorem
1144 669 1361 715 longiorem
1377 668 1502 714 magis
1515 667 1812 704 canaliculatam

115 725 140 750 a
170 725 244 750 eun
266 726 313 750 1a.

178 831 215 871 7.
243 830 297 874 C.
325 830 568 884 hystrix
610 829 731 885 (CA.
773 831 882 885 Mey.
924 831 1074 873 Enum.
1114 844 1153 886 p.
1196 831 1270 885 71)
1296 831 1416 873 caule
1445 832 1812 872 cano-lomentoso

117 901 309 944 superne
336 901 505 932 ramoso
534 902 631 932 cum
660 890 792 932 ramis
817 890 1134 943 monocepbalis
1168 891 1246 932 alis
1277 889 1471 942 angustis
1505 888 1813 941 lobulaio·par-

117 949 208 993 titis
235 949 399 991 minute
432 951 474 989 et
500 948 653 990 crebre
677 949 916 1001 spinulosis
938 948 1092 999 obsito,
1121 949 1215 991 solis
1249 961 1383 1002 supra
1410 946 1629 989 araneosis
1657 946 1811 988 subtus

116 1007 235 1052 canis
261 1005 442 1060 anguste
463 1007 916 1060 oblongo-lanceolalis
941 1007 986 1049 in
1010 1008 1129 1050 lobos
1153 1008 1412 1050 semiovatos
1440 1006 1636 1047 dentatos
1659 1004 1810 1058 spinu-

118 1066 397 1110 loso·ciliatos
425 1065 631 1108 sinuatim
655 1066 936 1120 pinnatilidis,
970 1066 1170 1120 capitulis
1195 1066 1485 1108 mediocribus
1519 1063 1669 1111 uvalis,
1699 1063 1813 1104 invo-

119 1125 230 1168 lucri
268 1136 393 1179 parce
429 1124 703 1167 arachnoidei
739 1125 896 1179 phyllis
935 1139 957 1167 a
992 1125 1084 1168 basi
1117 1129 1298 1178 anguste
1333 1122 1577 1166 lanceolatis
1611 1121 1814 1164 carinatis

121 1183 283 1227 sensim
305 1185 540 1227 attenuatis
558 1184 774 1226 subtilatis
791 1183 1031 1239 spinulosis
1050 1184 1330 1226 inferioribus
1348 1181 1623 1224 brevioribus
1641 1179 1691 1221 ad
1700 1191 1814 1233 pres·

121 1243 182 1285 sis
208 1243 377 1286 caeteris
403 1242 820 1296 erecto-subpatulis
850 1242 1055 1285 flosculos
1083 1254 1328 1297 purpureos
1348 1253 1431 1283 non
1454 1239 1727 1293 aequantibus
1745 1237 1814 1292 (D.

166 1315 269 1351 Hab.
292 1316 332 1351 in
352 1316 474 1362 pratis
499 1316 611 1352 siccis
634 1316 798 1352 ditionis
822 1316 994 1362 Talysch
1026 1315 1254 1352 2000’43000’
1284 1315 1387 1359 (CA.
1409 1314 1590 1359 Meyerl),
1621 1314 1659 1348 in
1683 1311 1816 1347 Persia

119 1362 394 1399 hor-orientali
421 1373 541 1410 prope
565 1363 689 1399 Siaret
706 1363 804 1410 (Bge
822 1374 900 1400 exs.
922 1363 1033 1408 mei).

165 1424 347 1473 Capitula
366 1426 422 1462 eis
442 1426 580 1462 formae
599 1426 774 1473 vulgaris
794 1426 831 1462 C.
851 1426 1029 1463 ‘nutantis
1046 1429 1083 1462 et
1098 1425 1136 1462 C.
1158 1424 1485 1472 acanthocephali
1499 1423 1727 1459 subminor-a
1745 1420 1814 1456 sed

117 1476 246 1555 ονὲῐε,
267 1473 318 1509 ab
338 1474 394 1510 eis
416 1473 647 1510 indumento
668 1484 765 1510 cano
784 1477 820 1510 et
833 1473 983 1521 phyllis
1000 1475 1167 1519 anguste
1186 1483 1255 1509 nec
1270 1471 1478 1508 latiuscule
1495 1469 1720 1506 lanceolatis
1737 1468 1815 1503 dis-

119 1529 161 1557 ce
191 1530 272 1556 ens.

179 1637 220 1679 8.
262 1636 318 1679 G.
361 1635 717 1680 hamulosus
758 1635 914 1691 <Elii-h.
954 1636 1086 1678 Beitr.
1130 1635 1219 1688 Vll,
1264 1648 1301 1688 p.
1351 1633 1468 1688 166),
1510 1632 1631 1674 caule
1671 1633 1814 1696 ereclo

122 1707 294 1738 ramoso
320 1698 503 1748 anguste
530 1696 642 1738 alato
680 1696 758 1738 alis
791 1695 832 1737 in
869 1696 1046 1738 lacinias
1082 1694 1268 1736 minutas
1303 1696 1450 1735 ovatas
1486 1690 1668 1746 partitis
1702 1689 1815 1754 folils

120 1766 255 1809 supra
285 1754 591 1808 glabriusculis
622 1755 779 1797 subtus
821 1756 919 1808 plus
958 1754 1157 1799 minusve
1192 1750 1520 1796 canescentibus
1561 1750 1601 1791 in
1640 1748 1815 1813 lacinias

120 1813 297 1857 obtusas
320 1813 574 1856 rotundatas
598 1813 666 1856 vel
692 1813 900 1867 oblongas
926 1814 1123 1856 dentatas
1157 1812 1321 1854 minute
1351 1809 1598 1864 spinulosas
1635 1807 1814 1873 pinnati-

122 1871 220 1914 fidis
247 1873 313 1915 vel
344 1872 532 1926 partitis,
558 1872 759 1926 capitulis
786 1872 1038 1927 majusculis
1066 1870 1351 1914 subrotundis
1375 1868 1579 1911 solitariis
1610 1869 1815 1931 termina-

119 1930 235 1973 libus
261 1931 519 1986 pedunculis
550 1931 668 1974 canis
702 1934 826 1986 parte
859 1933 1013 1975 saltem
1047 1929 1266 1984 superiori
1299 1928 1427 1970 nudis
1458 1925 1663 1977 suffultis,
1694 1934 1815 1988 invo-

121 1989 231 2033 lucri
255 1989 395 2043 glabri
418 1990 579 2044 phyllis
602 1991 852 2033 numerosis
875 1994 1058 2045 anguste
1093 1988 1331 2030 linearibus
1360 1985 1814 2029 subulam-attenuatis

120 2050 313 2092 tenuiter
336 2048 602 2092 mucronatis
628 2050 872 2093 lnermibus
902 2048 1171 2093 intermediis
1210 2045 1450 2089 recurvatis
1486 2043 1541 2098 Q)
1581 2042 1632 2084 lc.
1669 2039 1734 2082 W.
1763 2039 1812 2080 K.

121 2107 268 2161 Hung.
289 2107 372 2150 lab.
400 2109 497 2150 233.

167 2173 269 2209 Halo.
296 2174 334 2209 in
359 2173 531 2215 incultis,
553 2173 605 2209 ad
625 2173 723 2218 vias,
748 2173 904 2209 Tauriae
931 2173 1081 2218 (Stev.),
1104 2171 1271 2207 Caucasi
1289 2169 1422 2215 (ΜΒ.)
1442 2170 1479 2203 et
1502 2164 1815 2220 'l'ranscaucasiae

119 2218 285 2264 (Ledeb,
304 2220 493 2264 Homini),
517 2221 716 2256 Armeniae
745 2221 920 2256 Turcicae
945 2220 992 2255 ad
1021 2219 1205 2255 Erzerum
1233 2216 1556 2261 (Huetl),Pers1ae
1580 2211 1748 2248 borealis
1775 2219 1815 2244 in

116 2266 213 2314 jugo
233 2267 377 2303 Elbrus
394 2267 563 2312 (Buhsel
581 2267 654 2314 Ky.
672 2267 782 2313 5341)
802 2270 840 2303 et
857 2277 978 2314 prope
991 2266 1116 2302 Siaret.
1133 2265 1277 2310 (Egel)-

165 2331 230 2366 Ar.
256 2331 388 2376 Geoqr.
407 2331 578 2377 Austria,
599 2330 707 2377 regio
727 2330 977 2375 Danubialis‚
995 2328 1136 2366 Rossia
1155 2326 1350 2363 australis.

181 2453 220 2493 9.
249 2449 302 2493 G.
327 2450 652 2494 uncinatus
678 2448 749 2504 (M.
785 2448 832 2492 B.
865 2445 999 2492 Taur.
1035 2447 1159 2490 Cauc.
1199 2445 1273 2498 111,
1299 2458 1339 2498 p.
1380 2443 1494 2492 553),
1519 2441 1640 2506 caule
1674 2442 1816 2481 erecto

120 2522 292 2553 ramoso
311 2512 494 2562 angus-‚te
515 2508 629 2551 alato
652 2509 734 2551 alis
758 2508 801 2550 in
827 2507 1003 2549 lacinias
1026 2506 1214 2548 minutas
1232 2507 1381 2546 ovatas
1398 2500 1550 2543 crebre
1571 2498 1816 2565 spinulosas

121 2568 310 2623 partitis,
337 2568 450 2610 foliis
478 2579 612 2621 supra
646 2579 775 2622 parce
806 2565 1106 2609 arachnoideis
1133 2564 1290 2606 subtus
1315 2561 1432 2603 canis
1458 2560 1499 2600 in
1522 2559 1701 2624 ‘lacmias
1729 2556 1818 2597 lan-

121 2628 307 2670 ceolatas
333 2625 800 2680 lobulato-spinulosas
831 2623 1182 2679 pinnatipartitis‚
1221 2620 1418 2673 capitulis
1448 2615 1699 2684 majusculis
1729 2614 1818 2666 glo-

120 2685 472 2740 boso-depressis
509 2684 716 2727 solitariis
747 2683 1004 2738 pedunculis
1035 2682 1153 2724 canis
1178 2684 1301 2735 parte
1333 2688 1547 2742 superiori
1577 2673 1705 2740 nudis
1730 2673 1819 2739 suf-

121 2743 255 2793 fultis,
285 2743 501 2786 involucri
533 2742 986 2786 arachnoideo-villosi
1021 2740 1180 2797 phyllis
1218 2751 1350 2792 supra
1388 2737 1506 2777 basni
1544 2734 1736 2797 latiorem
1774 2745 1817 2773 in

120 2802 400 2857 appendicem
433 2802 640 2845 reflexam
675 2802 870 2845 breviter
899 2800 1176 2843 lanceolatam
1201 2797 1421 2851 spinosam
1449 2794 1693 2851 couti-aclis,

121 2860 203 2903 mis
228 2861 470 2904 inermibus
492 2861 700 2904 flexuosis
723 2860 794 2915 Θ.
1718 2857 1817 2891 {nii-

166 2928 268 2970 Hab.
286 2935 327 2969 in
345 2921 492 2970 Tauria
509 2933 761 2970 meridionali
779 2934 816 2968 et
833 2932 1009 2968 Caucaso
1037 2929 1183 2966 boreali
1201 2929 1302 2964 circu
1322 2925 1451 2961 Kislar
1479 2922 1610 2968 (ΜΒ.)
1630 2920 1662 2956 Ε
1686 2920 1819 2955 nostra

121 2980 267 3017 ditione
285 2980 464 3017 nondum
479 2980 572 3017 vidi.
