2090 3291
247 256 317 291 662
976 254 1220 281 COMPOSITAE.
1707 239 1927 276 Centaurea
1936 265 1942 272 .

250 336 450 380 omnibus
486 333 689 387 repandis
729 332 794 373 vel
828 330 982 372 obtuse
1012 327 1197 369 dentatis
1236 337 1362 368 secus
1398 328 1560 366 costam
1598 323 1948 375 decurrentibus,

251 396 362 438 foliis
387 392 688 447 superioribus
714 389 839 432 valde
860 387 1085 430 diminutis
1104 385 1331 428 sessilibus
1348 383 1401 426 ob
1421 382 1539 425 lobos
1558 381 1785 425 inferiores
1810 381 1949 424 axillae

251 452 572 507 approximatos
598 461 713 502 saepe
731 446 999 496 auriculatis,
1024 444 1282 498 pedunculis
1302 441 1512 484 brevibus
1537 441 1701 483 minute
1723 440 1948 488 foliolosis,

251 511 451 565 capitulis
479 507 732 561 majusculis
762 506 900 548 ovatis
937 504 1027 546 basi
1061 514 1174 555 saepe
1210 501 1465 555 angustatis,
1492 499 1705 542 involucri
1733 499 1949 541 velutino-

250 569 451 623 puber-uli
478 567 636 622 phyllis
660 565 815 619 pallide
838 562 1082 606 virentibus
1107 560 1332 614 adpressis
1358 559 1496 602 ovatis
1523 557 1796 600 albo-ciliatis
1823 557 1949 611 spina

250 629 293 669 in
317 628 510 670 externis
538 625 660 667 brevi
692 625 733 665 in
759 621 1030 665 intermediis
1056 619 1289 662 lanceolata
1314 618 1454 660 valida
1480 616 1573 659 basi
1598 616 1824 670 spinulosa
1848 615 1949 658 flos-

250 688 370 729 culos
396 695 642 739 purpnreos
664 685 864 736 aequante
890 679 1052 734 patenti
1074 678 1323 720 snbreflexa
1346 677 1580 731 superatis,
1599 675 1790 717 acheniis
1808 674 1948 717 ovatis

250 744 512 798 compressis
543 743 682 792 hirtis,
710 740 839 796 pappi
867 738 1031 782 sordidi
1056 738 1169 780 serie
1198 735 1456 778 intermedia
1484 734 1661 777 achenio
1691 733 1824 786 triplo
1857 734 1949 774 lon-

249 804 367 857 giore
391 802 541 844 intima
561 801 737 842 aclienio
763 797 1090 851 subaeqnilouga
1118 802 1176 844 26.
1205 796 1245 837 C.
1270 793 1488 847 Sprunerz'
1504 793 1652 835 Heldr.
1673 795 1716 834 et
1737 792 1868 845 Orph.
1889 792 1945 845 pl.

249 874 339 903 exs.
368 873 422 902 ex
449 860 748 912 Peloponneso
773 861 816 899 et
839 856 997 898 Baeotia
1023 868 1104 897 non
1134 854 1274 897 Boiss.
1304 856 1347 895 et
1364 852 1511 894 Heldr.

298 927 398 961 Hab.
421 926 461 960 in
480 924 681 960 sterilibus
700 926 738 959 et
756 923 870 959 cultis
889 921 1153 967 Peloponnesi
1171 920 1273 956 infra
1291 917 1562 965 Megaspileon
1582 917 1633 953 ad
1651 918 1755 964 ripas
1777 917 1948 952 Vourini

253 974 408 1009 Potumi
426 972 611 1017 (Heldrh,
637 981 759 1018 prope
782 971 954 1005 Vostitza
973 968 1109 1015 (Orph.
1129 967 1186 1003 Fl.
1208 968 1277 1003 Gr.
1298 977 1377 1002 exs.
1396 966 1510 1010 4671),
1530 965 1571 1000 in
1589 965 1737 1000 Baeotia
1758 964 1808 1000 ad
1826 964 1950 999 Leba-

249 1020 562 1064 dean1(Guicc!).
861 1017 864 1020 ’

298 1073 605 1120 sesquipedalis,
622 1084 644 1107 a
673 1071 709 1107 C.
739 1068 894 1106 Achaici
918 1069 1132 1114 segmentis
1157 1068 1343 1103 foliorum
1369 1066 1487 1112 triplo
1512 1066 1729 1112 majoribus
1755 1065 1950 1110 indivisis,

251 1122 399 1168 phyllis
422 1131 499 1156 non
518 1120 699 1155 scariosis
721 1129 789 1153 nec
807 1118 846 1152 in
867 1117 1022 1163 spinam
1042 1116 1188 1150 sensim
1208 1114 1380 1150 dilatatis
1397 1113 1707 1155 distinctissima‚
1725 1124 1747 1147 a
1767 1112 1803 1149 C.
1826 1112 1856 1150 S
1884 1123 1949 1148 ru-

250 1169 338 1205 nerz'
351 1167 455 1203 foliis
475 1168 658 1202 coriaceis
675 1164 900 1210 synanthiis
912 1168 949 1199 et
969 1163 1087 1209 pappi
1104 1163 1322 1198 charactere
1341 1161 1483 1196 aliena.
1499 1160 1699 1198 Foliorum
1718 1160 1849 1196 radica
1868 1160 1950 1195 ium

252 1218 497 1260 segmentum
519 1213 722 1249 terminale
741 1211 982 1258 bipollicare,
1002 1210 1178 1245 lateralia
1195 1209 1399 1256 superiora
1417 1207 1632 1254 pollicaria.

312 1327 406 1369 ¹105.
437 1328 488 1372 C.
515 1328 711 1370 Minoa
730 1327 898 1381 [lleldr.
922 1326 1044 1378 Mss.)
1068 1326 1260 1379 crispule
1281 1325 1491 1378 papillosa
1518 1328 1559 1367 et
1587 1336 1713 1378 parce
1739 1336 1950 1367 araneosa

251 1399 483 1429 canescens
519 1388 581 1428 vel
623 1387 778 1439 pallide
817 1387 981 1433 virens,
1003 1385 1200 1427 caulibus
1237 1383 1474 1427 humilibus
1507 1397 1530 1426 a
1565 1383 1672 1426 collo
1707 1383 1949 1426 dichotome

250 1447 531 1488 ⁰2-3-ramosis
561 1445 691 1487 ramis
725 1444 1019 1499 l-:).-c‹.³plialis³
1049 1444 1161 1486 foliis
1185 1442 1490 1486 crassiusculis
1517 1442 1782 1484 radicalibus
1812 1443 1947 1496 petio·

253 1505 347 1547 latis
384 1505 478 1546 aliis
517 1505 711 1546 obovatis
742 1504 922 1556 integris
955 1502 1048 1545 aliis
1092 1503 1242 1557 lyratis
1279 1505 1500 1554 segmento
1541 1501 1758 1543 terminali
1794 1514 1947 1554 niagno

251 1564 432 1616 oblongo
466 1563 531 1605 vel
562 1563 742 1605 obovato
768 1564 936 1614 integro
969 1562 1037 1603 vel
1069 1562 1223 1603 obtuse
1253 1561 1426 1602 dentato
1456 1560 1707 1603 lateralibus
1743 1560 1948 1614 utrinque

250 1623 322 1663 2-3
344 1623 490 1675 parvis
514 1621 756 1665 rotundatis
780 1622 1055 1674 sinubusque
1073 1620 1382 1669 obtusissimis,
1406 1619 1587 1661 caulinis
1607 1618 1836 1661 sessilibus
1854 1619 1948 1660 basi

249 1681 531 1734 pinnatilidis,
572 1680 755 1723 summis
788 1680 973 1733 capitula
1008 1679 1331 1722 bracteanlibus
1362 1682 1546 1731 anguste
1574 1677 1947 1731 lineari-oblongis

250 1740 446 1792 integris,
486 1740 687 1794 capitulis
725 1739 980 1793 majUsculis
1015 1738 1323 1781 ovato-conicis
1358 1738 1450 1779 basi
1490 1738 1714 1788 truncatis,
1744 1736 1948 1779 inferiore

250 1799 408 1840 sessili.
433 1798 646 1841 involucri
685 1799 775 1840 basi
809 1797 1093 1840 subaraneosi
1124 1796 1283 1850 phyllis
1320 1795 1479 1850 pallide
1516 1796 1688 1837 flavidis
1723 1796 1947 1848 adpressis

249 1857 649 1899 ovato-orbiculatis
673 1857 865 1900 breviter
888 1856 1160 1898 albo-ciliatis
1187 1855 1349 1898 infimis
1377 1855 1502 1908 spinai
1532 1855 1790 1896 brevissima
1814 1854 1948 1897 inter-

251 1915 402 1957 mediis
432 1916 571 1957 valida
601 1916 726 1957 tereti
762 1927 888 1970 parce
915 1915 1139 1969 spinulosa
1165 1914 1479 1969 erecto-patula
1507 1914 1570 1956 eis
1596 1914 1789 1966 longiore
1820 1925 1949 1967 supen

249 1974 370 2023 ratis,
402 1975 593 2017 flosculis
635 1975 784 2027 roseis,
821 1974 951 2030 pappi
986 1974 1100 2018 serie
1141 1973 1400 2016 intermedia
1434 1972 1625 2015 acheniis
1661 1972 1947 2027 [junioribus]

251 2031 376 2073 hirtis
403 2033 592 2086 longiore
625 2040 685 2080 ¹36.

251 2144 271 2178 Ρ
298 2098 460 2180 Halosin
479 2099 631 2145 campis
654 2099 825 2144 regionis
852 2098 1035 2134 littoralis
1062 2098 1184 2133 Cretae
1204 2099 1253 2134 ad
1280 2097 1511 2134 Heracleion
1530 2097 1664 2142 (hodie
1683 2096 1864 2141 Candia).
1887 2095 1946 2131 Fl.

265 2155 326 2180 ine
345 2169 350 2176 -
371 2156 393 2180 U
413 2156 450 2180 11.

298 2199 436 2235 Planta
459 2201 712 2247 semipedalis
732 2201 794 2236 vel
814 2201 932 2247 paulo
957 2201 1113 2245 elatior3
1134 2200 1249 2236 valde-
1273 2204 1311 2236 et
1335 2201 1466 2236 forsan
1486 2199 1605 2234 nimis
1623 2199 1751 2234 affinis
1773 2198 1810 2234 0.
1834 2198 1950 2235 Guz'c-

250 2247 396 2283 ee'ardz'i
419 2259 439 2282 a
461 2251 537 2294 qua
556 2249 682 2283 differt
702 2248 806 2283 foliis
827 2249 973 2284 infimis
992 2249 1186 2290 indivisis,
1206 2248 1383 2283 omnium
1406 2247 1508 2283 lohis
1534 2246 1813 2291 obtusioribus,
1835 2245 1946 2282 caule

250 2294 532 2341 oligocephalo,
551 2295 732 2342 capitulis
753 2296 838 2330 basi
861 2296 1081 2331 rotundatis
1100 2295 1160 2331 vel
1180 2295 1369 2331 truncatis
1388 2305 1457 2330 nec
1476 2294 1647 2329 breviter
1664 2293 1890 2329 attenuatis.

315 2419 409 2460 lOG.
434 2419 484 2461 C.
511 2418 930 2461 Ceccariniana
955 2418 1117 2472 (Boiss.
1144 2421 1187 2460 et
1210 2417 1357 2459 Heldr.
1383 2417 1536 2469 Diagn.
1558 2415 1651 2458 Ser.
1677 2415 1732 2469 ΙΙ,
1755 2416 1794 2468 3,
1811 2428 1852 2469 p.
1872 2414 1950 2469 81)

249 2477 457 2529 adpresse
480 2478 894 2519 arachnoideo-cana
920 2477 1093 2520 tandem
1116 2478 1410 2531 glab1·escenS‚
1427 2476 1549 2518 caule
1568 2474 1751 2529 simplici
1771 2473 1953 2515 nudius·

250 2536 346 2578 culo
379 2537 682 2578 subracemose
722 2536 974 2589 paniculato,
1003 2536 1116 2578 foliis
1145 2535 1305 2577 infimis
1334 2534 1529 2587 oblongis
1554 2533 1755 2576 indivisis
1782 2532 1950 2575 caeteris

250 2594 293 2635 in
320 2599 539 2648 segmenta
568 2599 691 2636 ovata
726 2598 848 2637 acuta
886 2595 1054 2648 integra
1086 2595 1154 2637 vel
1185 2593 1583 2646 angulato-dentata
1614 2592 1703 2634 basi
1729 2591 1947 2634 attenuata

252 2653 502 2706 petiolulata
530 2653 840 2707 pinnatisectis‚
876 2654 1078 2707 capitulis
1105 2652 1364 2707 pedunculis
1396 2653 1459 2694 eis
1487 2651 1648 2706 saepius
1674 2649 1951 2692 brevioribus

252 2711 443 2755 suffultis
468 2713 606 2754 ovatis
627 2712 714 2754 basi
733 2713 947 2755 truncatis
972 2712 1236 2766 maJusculiS‚
1256 2711 1471 2754 involucri
1489 2709 1773 2763 glabriusculi
1792 2707 1950 2762 phyllis

250 2771 495 2813 virentibus
526 2772 663 2813 ovalis
703 2772 822 2825 apice
858 2783 984 2824 parce
1022 2774 1064 2813 et
1098 2770 1294 2813 breviter
1323 2770 1478 2811 ciliatis
1515 2768 1786 2810 intermediis
1825 2766 1951 2820 spina

253 2830 414 2881 patenti
440 2830 578 2872 valida
604 2830 693 2872 basi
724 2831 805 2872 lata
830 2830 893 2872 eis
916 2830 1157 2884 aequilonga
1182 2830 1247 2870 vel
1272 2829 1465 2882 longIore
1484 2827 1670 2882 abrupte
1689 2825 1948 2875 terminatis,

251 2888 410 2940 phyllis
437 2889 599 2930 intimis
624 2889 864 2930 inermibus
892 2890 1011 2943 apice
1034 2888 1274 2939 fimbriatis,
1301 2887 1492 2931 flosculis
1518 2887 1672 2931 roseis.
1699 2884 1832 2940 pappi
1860 2896 1951 2927 sor-

251 2945 349 2987 dide
386 2947 470 2988 albi
512 2948 624 2989 serie
658 2948 915 2990 intermedia
954 2948 1131 2990 aclienio
1169 2947 1301 3001 duplo
1340 2946 1549 3000 longiore.
1586 2945 1739 2988 intima
1771 2941 1950 2986 achenio

249 3002 382 3057 duplo
411 3004 609 3047 breviore
639 3007 771 3059 paleis
796 3007 1016 3049 nonnullis
1045 3006 1159 3048 serie
1183 3005 1440 3048 intermedia
1462 3003 1718 3059 aequilongis
1750 3009 1809 3050 26.
