2095 3206
263 213 335 249 1s8
995 224 1241 250 composrrAE.
1827 215 1946 252 Inuca
1955 244 1964 252 .

265 295 514 339 lanceolatis
562 295 758 339 ciliolatis
806 295 898 338 basi
944 296 1161 339 induratis
1203 295 1323 350 apice
1373 295 1644 349 longiuscule
1692 297 1881 339 foliaceis
1926 300 1974 341 et

263 355 456 406 reflexis,
496 354 681 398 internis
719 354 1075 408 sublongioribus
1111 355 1315 398 scariosis
1341 355 1499 398 erectis
1531 354 1789 409 linearibus,
1822 355 1972 409 ligulis

262 412 491 515 ΞξέοῑμιυὲῑὲῸ
525 415 625 468 plus
662 415 796 469 duplo
833 414 1118 468 longioribus,
1155 414 1346 457 acheniis
1380 414 1542 468 glabris
1577 420 1637 463 26.
1686 413 1740 457 Ic.
1769 413 1830 456 Fl.
1858 414 1970 457 Dan.

309 547 413 582 Hah.
433 547 472 582 in
493 547 614 592 pratis
635 546 819 593 humidis,
836 546 1003 583 Thracia
1021 546 1173 591 (F1·iv.),
1193 547 1380 583 Armenia
1398 546 1562 583 Turcica
1591 546 1652 590 (C.
1674 546 1801 591 Koch)
1819 549 1857 582 et
1873 547 1972 583 Ros-

267 594 348 628 sica
369 594 418 629 ad
449 593 779 629 Nackitschewan
808 594 972 639 (Szovl),
991 593 1192 629 Caucasus
1218 594 1383 639 (Galat),
1404 594 1536 630 Persia
1555 593 1639 629 hor.
1661 593 1703 629 in
1722 594 1848 640 sylvis
1873 594 1973 630 Ghi-

259 640 345 676 lani
362 641 492 686 (Auch
527 641 659 685 47361)
679 644 717 676 et
731 643 863 676 monte
881 640 1027 676 Elhrus
1045 650 1166 688 prope
1180 641 1367 677 Derbend
1383 641 1474 686 (Ky.
1488 641 1560 677 443
1572 643 1640 687 al),
1659 640 1837 676 Libanus
1850 650 1973 688 supra

260 690 501 770 fffillvenffm
534 687 750 724 Marserkis
784 688 867 733 (ΒΗ
898 692 936 725 et
964 688 1038 734 Ky.
1068 688 1156 724 2551
1191 688 1266 724 sub
1301 688 1336 724 I.
1356 686 1529 725 cordatc‘z'
1546 689 1573 733 ),
1611 690 1650 724 et
1683 688 1732 724 ad
1765 688 1973 725 Bischerre

261 759 276 778 χ
344 744 410 770 ren
449 736 486 779 i).

261 836 283 871 J
307 791 371 825 Ar.
393 790 524 844 Geoqr.
552 791 712 837 Europa
729 791 859 827 omnis
877 801 902 826 a
919 790 1182 827 Scandinavia
1199 801 1292 826 mer.
1308 791 1358 826 ad
1374 790 1550 827 Persiam
1576 792 1686 838 sept„
1712 789 1855 827 Sihiria
1877 792 1974 835 tota,

285 847 440 883 aponia.

324 965 363 1006 7.
398 963 437 1006 1.
472 962 721 1008 cordata
754 965 916 1020 (Boiss.
957 964 1112 1017 Diagn.
1155 964 1249 1008 Ser.
1288 965 1319 1017 I,
1352 965 1392 1016 4,
1428 977 1471 1018 p,
1495 964 1542 1020 3)
1575 964 1729 1009 setulis
1756 965 1924 1019 sparsis
1945 977 1972 1008 e

261 1024 490 1066 tuberculo
529 1023 637 1065 ortiS
667 1036 796 1078 parce
824 1024 1038 1074 scabrida,
1075 1025 1198 1066 caule
1225 1036 1352 1065 mono
1380 1024 1449 1065 vel
1476 1024 1638 1079 saepius
1676 1024 1972 1079 oligocephalo

261 1082 543 1125 densiuscule
585 1084 856 1136 corymboso,
896 1082 1008 1126 foliis
1051 1083 1257 1125 coriaceis
1301 1082 1728 1126 reticulato-venosis
1769 1082 1971 1136 oblongis

259 1141 395 1185 acutis
423 1141 700 1184 denticulatis
729 1142 1012 1196 margineque
1048 1141 1327 1184 scaberrirnis
1363 1141 1593 1185 sessilibus
1627 1144 1789 1196 praeter
1820 1141 1971 1185 infima

260 1200 350 1242 basi
374 1200 575 1252 cordatis,
599 1201 800 1254 capitulis
826 1201 1019 1244 breviter
1043 1200 1366 1255 pedunculatis,
1388 1200 1603 1243 involucri
1626 1200 1787 1255 phyllis
1805 1200 1973 1255 glabris

257 1259 461 1301 ciliatulis
512 1259 882 1312 adpressiusculis
927 1260 1212 1302 inferioribus
1264 1260 1460 1312 oblongis
1515 1260 1638 1313 apice
1693 1259 1972 1303 subfoliaceis

259 1317 779 1371 rotundato-spathulatis
804 1318 1118 1362 mucronulatis
1153 1318 1438 1361 interioribus
1467 1318 1735 1372 longioribus
1762 1318 1972 1362 scariosis

260 1376 502 1420 linearibus
519 1378 658 1420 acutis
678 1377 880 1427 hirsutis,
903 1377 1048 1430 ligulis
1073 1377 1298 1420 involucro
1323 1377 1456 1432 duplo
1475 1377 1761 1432 longioribus,
1778 1377 1972 1420 acheniis

258 1436 422 1489 glabris
448 1441 506 1483 26.
524 1437 557 1478 I.
577 1447 824 1489 squar-rosa
850 1436 1021 1479 Griseb.
1040 1437 1090 1479 It.
1111 1437 1306 1491 Hungp.
1333 1437 1417 1479 337
1445 1436 1575 1479 -ΕΙ,
1603 1435 1739 1479 Graec.
1765 1436 1850 1480 tab.
1881 1437 1971 1479 875

257 1507 343 1537 non
367 1495 414 1537 L.
443 1519 498 1524 —-
525 1496 559 1537 I.
586 1495 855 1548 spircce'fole’a
879 1494 922 1538 C.
943 1495 1063 1538 Koch
1088 1495 1213 1538 Linn.
1241 1508 1327 1538 non
1354 1495 1400 1538 L.

304 1568 407 1603 Hah.
438 1578 559 1614 prope
590 1568 826 1614 Byzantium
858 1570 1130 1615 (Coumanyl),
1150 1571 1190 1605 in
1207 1570 1343 1616 Lydiae
1359 1571 1493 1606 monte
1510 1569 1649 1616 Sipylo
1666 1580 1787 1616 supra
1803 1569 1968 1615 Magne-

256 1616 357 1651 siam
385 1615 534 1659 (Boissl
562 1616 646 1651 Bal.
668 1617 785 1661 2481),
818 1618 1004 1652 Armenia
1029 1617 1193 1652 Tui-cica
1214 1628 1334 1664 prope
1363 1617 1551 1653 Erzerum
1583 1616 1736 1662 (Calvi)
1765 1619 1803 1653 et
1821 1616 1970 1652 Baihut

258 1661 438 1707 Bourg!)‚
460 1663 499 1697 in
519 1663 741 1710 subalpinis
763 1664 1016 1710 Bingoldagh
1042 1664 1132 1710 (Ky.
1152 1664 1290 1711 Suppl.
1309 1664 1427 1709 5990,
1448 1664 1488 1700 in
1507 1664 1653 1700 Tauria
1668 1663 1718 1700 ad
1736 1663 1970 1711 Sebastopol

259 1709 488 1756 (St-Supcry
506 1720 586 1745 exs.
605 1711 680 1746 sub
699 1711 731 1747 Ι.
752 1709 988 1758 squar-rosei)
1008 1711 1064 1746 Fl.
1084 1711 1165 1747 Jul.

306 1773 442 1809 Facies
463 1773 492 1809 I.
509 1785 735 1820 squam-osae
748 1774 787 1810 L.
802 1775 871 1810 sed
892 1774 985 1810 folia
1008 1774 1176 1817 cordata,
1195 1775 1368 1822 capitula
1387 1775 1542 1822 majora
1559 1776 1597 1810 et
1612 1774 1807 1811 involucri
1828 1773 1969 1821 phylla

254 1820 441 1866 pauciora
459 1822 568 1866 apice
587 1831 664 1856 non
684 1832 906 1868 squarrosa.
923 1821 1049 1857 Multo
1069 1823 1195 1868 magis
1225 1822 1374 1858 accedit
1392 1822 1440 1858 ad
1466 1821 1500 1858 I.
1520 1822 1733 1859 salim'nam
1760 1822 1863 1858 toliis
1882 1821 1969 1857 lan·

257 1867 416 1903 ceolatis
429 1869 676 1912 acuminatis,
686 1869 916 1915 phyllorum
924 1869 1153 1905 inferiorum
1166 1870 1361 1905 involucri
1373 1869 1584 1916 appendice
1592 1869 1814 1906 lanceolata
1823 1869 1972 1906 reflexa.

254 1914 338 1950 basi
373 1915 640 1961 cartilagineae
667 1916 893 1962 aequilonga
920 1926 991 1952 nec
1022 1916 1134 1952 brevi
1156 1916 1622 1962 triangulari-rotundam
1649 1916 1971 1964 adpressiuscula

253 1961 492 1998 distinctam.
514 1965 576 1997 An
597 1965 729 1998 tamen
749 1964 891 2010 speciei
907 1964 1032 2000 unicae
1053 1964 1292 2000 varietates?

300 2026 364 2060 Ar.
386 2025 518 2070 Geogr.
534 2025 721 2062 Banatus.

314 2149 353 2189 8.
389 2146 413 2188 1
460 2145 761 2190 viscidula
793 2146 961 2202 (Boiss.
998 2150 1041 2190 et
1075 2147 1179 2203 ΚΥ.)
1216 2147 1432 2202 glandulis
1473 2148 1705 2191 sessilibus
1751 2147 1964 2202 adspersa

257 2205 470 2248 viscidula
498 2205 659 2258 glabra,
685 2208 806 2249 caule
829 2210 975 2249 erecto
991 2219 1183 2261 superne
1206 2219 1379 2250 ramoso
1400 2207 1670 2261 corymboso,
1688 2206 1799 2249 foliis
1821 2207 1968 2250 tenui-

257 2264 337 2307 bus
356 2267 480 2307 acute
505 2264 782 2308 denticulatis
809 2265 1094 2320 margineque
1132 2265 1346 2308 scabridis
1376 2266 1603 2310 sessilibus
1645 2267 1729 2308 late
1761 2265 1968 2318 oblongo-

253 2323 504 2366 lanceolatis
549 2324 805 2367 acuminatis
834 2327 994 2377 praeter
1032 2325 1182 2367 infima
1215 2325 1307 2366 basi
1330 2324 1967 2379 cordato-semiamplexicauli-

254 2381 385 2434 libus,
410 2383 545 2426 ramis
571 2383 895 2437 monocephalis
927 2383 1043 2426 foliis
1080 2384 1306 2426 floralibus
1331 2387 1512 2437 anguste
1534 2382 1965 2427 lineari-lanceolatis
2000 2412 2002 2414 ·

253 2441 422 2492 obsitis‚
468 2441 683 2484 involucri
717 2442 876 2497 phyllis
916 2444 1111 2485 externis
1148 2443 1310 2496 glabris
1337 2444 1533 2496 margine
1568 2443 1735 2485 scabris
1769 2441 1966 2486 foliaceis

253 2503 435 2553 anguste
472 2500 720 2544 lanceolatis
750 2500 1007 2544 acuminatis
1032 2505 1156 2557 parte
1191 2503 1410 2555 superiori
1434 2514 1673 2556 squarrose
1695 2500 1962 2556 patentibus,

251 2559 439 2601 internis
466 2559 670 2602 scariosis
697 2560 853 2603 erectis
892 2559 1262 2614 sublongioribus,
1296 2560 1441 2614 ligulis
1477 2561 1702 2603 involucro
1740 2559 1966 2614 subduplo

253 2616 538 2671 longioribus,
566 2618 758 2661 acheniis
786 2619 950 2673 glabris
985 2625 1044 2667 26.

298 2691 400 2725 Hah.
421 2691 462 2726 in
482 2692 678 2727 Armeniae
712 2692 901 2728 australis
931 2693 1049 2728 fossis
1082 2702 1205 2739 prope
1228 2693 1367 2729 urbem
1385 2692 1470 2729 Van
1490 2696 1529 2729 et
1547 2691 1741 2739 angustiis
1772 2689 1966 2738 rupestri·

250 2737 326 2773 hus
347 2738 458 2784 T‹·11g
474 2748 585 2785 prov.
606 2738 744 2775 Masch
762 2740 868 2776 6500’
889 2740 981 2786 (Ky.
999 2739 1069 2776 446
1079 2742 1116 2784 t).
1139 2740 1196 2776 Fl.
1218 2743 1314 2786 Aug.
1334 2740 1436 2787 Sept.

299 2801 514 2848 Bipedalis,
542 2802 638 2838 folia
668 2803 724 2839 eis
751 2803 785 2839 I.
804 2803 981 2841 salz’cz'nae
1009 2805 1201 2849 tenuiora,
1232 2805 1418 2840 inferiora
1435 2804 1618 2851 3-4-poll.
1637 2803 1769 2850 longa,
1783 2802 1961 2850 capitula

247 2858 379 2893 magn.
401 2848 430 2884 I.
443 2849 629 2895 salicz'noe,
643 2850 696 2886 ab
722 2854 768 2886 ea
779 2854 816 2887 et
839 2851 867 2887 I.
886 2849 1056 2888 cordata*
1073 2852 1224 2899 phyllis
1242 2853 1423 2898 angustis
1438 2851 1675 2887 acuminatis
1693 2851 1888 2887 distincta.

310 2980 349 3021 9.
385 2978 422 3022 1.
447 2990 781 3034 squarrosa
801 2979 868 3032 (L.
899 2980 975 3035 Sp.
1009 2980 1143 3036 1240)
1165 2981 1321 3024 setulis
1348 2981 1515 3035 sparsis
1552 2980 1645 3023 basi
1673 2979 1964 3023 tuberculatis
