2090 3291
256 245 327 282 430
973 243 1220 271 composrrAE.
1735 230 1949 279 Echinops.

258 325 362 368 setis
402 321 611 376 paleaceis
654 316 902 360 barbellatis
940 315 1032 357 basi
1073 313 1333 357 brevissime
1375 311 1442 354 vel
1483 311 1537 353 ad
1573 311 1746 355 tertiam
1784 316 1954 366 partem

257 382 482 431 concretis,
507 379 794 432 capitulorum
820 375 1099 428 superiorum
1127 372 1274 426 phyllo
1311 372 1446 413 altero
1478 370 1703 412 interdum
1736 371 1782 414 in
1817 383 1953 413 cornu

258 443 453 492 elongato
487 446 545 486 Ψ.
577 437 620 478 Ε.
649 433 842 477 Creticus
875 433 1014 476 Boiss.
1047 433 1200 485 Diagn.
1228 430 1323 476 Ser,
1350 429 1382 482 Ι,
1412 430 1477 476 10.
1502 443 1543 484 p.
1572 430 1641 472 87.
1670 453 1720 460 -
1751 428 1793 471 Ε
1828 429 1956 481 ycan-

257 499 437 541 dulosus
464 496 610 538 Weiss
647 494 775 536 Verh.
812 493 927 535 Zool.
965 492 1058 534 Bot.
1098 489 1199 532 Ges.
1242 486 1398 532 Wien.‘
1421 489 1547 531 1868.
1572 512 1629 518 --
1656 486 1707 529 Ε.
1744 488 1955 540 spinosus

255 559 347 600 Urv
381 557 458 597 Ε·.
483 567 568 597 11011
595 553 639 594 L.
669 577 718 582 —
745 551 795 594 E.
825 549 1115 592 adenocaalos
1141 552 1189 599 etv
1211 548 1259 590 Ε.
1284 546 1497 600 Syriacus
1521 546 1660 590 Boiss.
1686 546 1836 600 Diagn.
1860 545 1954 588 Ser.

257 616 288 667 I,
317 617 381 665 10,
404 627 444 667 p.
470 616 524 655 88
540 616 582 654 et
606 614 740 654 84—
770 609 818 651 E.
846 607 1159 650 macroclzoetus
1182 607 1320 649 Boiss.
1346 605 1494 660 Diagn.
1519 618 1560 659 p.
1584 607 1639 648 85
1664 618 1749 648 non
1772 605 1953 647 Fresen.

259 699 313 703 —
336 672 386 713 E.
410 670 674 723 Bithynicus
702 668 839 712 Boiss.
869 668 1020 720 Diagn.
1045 666 1136 709 Ser.
1165 667 1197 718 I,
1227 667 1267 717 6.
1292 678 1328 718 p.
1361 666 1456 707 100.
1494 688 1549 695 -
1587 663 1638 706 E.
1667 666 1883 706 commta-s·
1910 662 1954 705 G.

257 731 374 774 Koch
399 730 520 772 Linn.
555 728 712 781 XXIV,
744 741 784 781 p.
810 728 907 769 380.
935 749 985 755 —-
1013 726 1064 768 E.
1090 722 1474 778 sphoeroceplzams
1507 724 1570 766 Fl.
1597 723 1732 767 Graec.
1756 723 1843 765 tab.
1871 724 1955 764 923

257 803 342 832 non
366 789 410 830 L.

306 863 406 898 Hah.
425 863 465 897 in
486 862 615 897 insula
636 860 877 907 Cephalonia
895 860 1081 904 (Heldrl),
1102 858 1215 894 Creta,
1229 857 1388 900 (Heldrl
1409 857 1558 902 Raull),
1577 856 1830 903 Archipelagi
1849 857 1958 892 insu-

258 911 307 946 lis
328 911 460 945 Naxos
489 912 526 944 et
549 909 718 955 Siphnos
751 907 903 952 (Sartl),
933 907 1062 942 Tenos
1089 905 1277 949 (Weisslj,
1315 905 1444 939 Attica
1473 905 1513 939 in
1550 904 1738 950 Hymetto
1769 904 1958 949 (Heldr!)‚

259 957 444 1002 Bithynia
475 967 593 1002 supra
627 956 812 990 Brussam
843 954 1019 998 (Boissl),
1051 953 1182 988 Tauro
1210 952 1468 998 Pamphylico
1500 951 1687 994 ‹Heldrm
1708 951 1959 998 Cappadocia

259 1004 393 1039 merid.
428 1003 615 1046 (Tchibl),
651 1002 765 1047 Syria
793 1001 942 1036 boreali
975 1001 1025 1036 ad
1065 999 1271 1035 Darkusch
1305 999 1483 1043 (Boissl),
1516 998 1694 1034 Max-asch
1733 1002 1770 1034 et
1811 998 1958 1033 Aintab

259 1050 433 1095 (Haussk
446 1052 482 1094 1),
502 1050 662 1084 littorali
681 1053 717 1084 et
734 1050 772 1084 in
794 1048 933 1083 Libani
952 1047 1047 1083 locis
1065 1046 1416 1091 variisffiraillexs.
1431 1046 1516 1082 347!
1533 1046 1620 1081 474!
1639 1046 1726 1082 6661
1744 1045 1954 1081 674119441

260 1098 370 1132 19461
390 1098 500 1132 24211
518 1096 658 1141 269111),
682 1096 718 1130 111
743 1095 910 1131 Galilaea
939 1097 976 1129 et
993 1094 1172 1130 Samaria
1200 1094 1299 1129 circa
1318 1093 1520 1140 Naplouse
1547 1093 1725 1137 (1301331),
1756 1092 1957 1128 Cataoniae

258 1147 389 1179 monte
411 1144 635 1189 Berytdagh
656 1142 878 1185 ‹Hausskl),
897 1143 1084 1177 Armenia
1100 1141 1263 1177 Turcica
1279 1140 1337 1185 (C.
1360 1140 1517 1185 Kochl),
1535 1140 1576 1176 in
1595 1140 1757 1187 planitie
1774 1140 1825 1176 ad
1834 1140 1957 1175 Gum-

257 1201 337 1236 gun
357 1192 552 1226 Armeniae
570 1190 754 1226 australis
773 1189 863 1235 (Ky.
880 1190 992 1233 4121).

304 1254 456 1300 Species
479 1253 608 1299 quoad
635 1252 817 1288 foliorum
840 1252 1002 1287 lacinias
1022 1251 1111 1297 plus
1128 1252 1260 1286 minus
1281 1254 1483 1296 angustas,
1502 1254 1540 1286 et
1560 1250 1836 1286 indumentum
1854 1250 1956 1285 inter

257 1305 358 1336 setas
377 1301 657 1346 glandulit'eras
674 1300 762 1346 plus
777 1300 908 1334 minus
927 1299 1129 1344 copiosum
1143 1298 1581 1345 polymorpba‚semper
1623 1298 1684 1333 lus
1701 1298 1831 1332 minus
1846 1297 1959 1342 glan-

259 1348 544 1382 doloso-setosa
573 1351 609 1382 et
638 1347 852 1382 involucris
883 1345 1115 1392 partialibus
1135 1346 1289 1391 magnis
1320 1345 1430 1380 12-111
1454 1345 1579 1380 lineas
1613 1345 1729 1390 ongis
1754 1344 1954 1380 notabilis.

260 1395 408 1430 Plantae
428 1396 466 1429 in
487 1395 723 1440 synonymia
751 1396 988 1429 enumeratae
1008 1396 1045 1428 et
1063 1404 1085 1428 a
1107 1403 1170 1428 me
1190 1393 1274 1439 ipso
1301 1395 1338 1427 et
1362 1393 1451 1428 aliis
1472 1393 1579 1439 prius
1597 1392 1791 1427 distinctae
1822 1391 1959 1427 formis

260 1442 499 1477 intermediis
517 1441 566 1476 ad
586 1442 722 1487 typum
742 1441 905 1476 transire
924 1440 1114 1475 videntur.
1141 1442 1202 1475 An
1222 1441 1370 1486 species
1392 1440 1494 1474 binae
1512 1442 1722 1486 sequentes
1741 1439 1793 1475 ab
1815 1439 1853 1474 E
1881 1439 1956 1475 vis-

262 1499 347 1524 coso
367 1489 542 1534 specifice
561 1488 744 1523 differunt
760 1489 803 1522 in
820 1488 914 1523 locis
933 1487 1138 1522 natalibus
1152 1487 1319 1522 ulterius
1337 1487 1671 1532 investigandum.

305 1553 366 1588 Ar.
389 1552 520 1596 Geoqr.
548 1551 690 1587 Sicilia.

322 1668 384 1707 13.
419 1666 461 1707 Ε
512 1664 863 1709 Gaillardoti
890 1667 1045 1723 (Boiss.
1065 1666 1219 1719 Diagn.
1239 1666 1330 1708 Ser.
1357 1666 1409 1719 11,
1438 1668 1478 1719 3,
1503 1680 1541 1720 p.
1563 1664 1639 1720 38)
1661 1665 1784 1708 caule
1805 1665 1956 1718 gracili

258 1725 441 1779 simplici
475 1725 537 1766 vel
565 1737 693 1778 parce
725 1738 893 1768 ramoso
929 1726 1195 1779 1-3-ccplialo
1222 1725 1392 1768 rubello
1419 1725 1524 1768 setis
1558 1725 1707 1767 rubris
1744 1724 1959 1778 glanduli-

258 1784 359 1825 feris
383 1784 533 1836 rigidis
554 1788 821 1838 exasperato,
840 1785 954 1827 foliis
975 1785 1081 1827 facie
1104 1785 1323 1839 superiori
1347 1783 1741 1827 setuloso-viscidis
1761 1783 1959 1825 inferiori

257 1843 372 1885 canis
399 1842 645 1884 lanceolatis
684 1844 727 1884 in
766 1844 941 1885 lacinias
979 1844 1236 1886 lanceolatas
1274 1847 1480 1897 angustas
1509 1844 1957 1897 spinoso-attenuatas

256 1902 613 1956 bipinnatisectis,
653 1902 841 1956 penicilli
866 1902 1093 1945 involucro
1129 1902 1347 1957 snbtriplo
1378 1903 1594 1945 brevioris
1627 1902 1733 1946 setis
1762 1902 1956 1954 margine

259 1972 384 2014 parce
416 1960 579 2002 scabris
610 1962 831 2003 nonnullis
866 1962 984 2014 apice
1012 1961 1215 2011 dilatatis,
1240 1962 1453 2004 involucri
1480 1961 1639 2016 phyllis
1662 1960 1744 2003 sub
1770 1961 1825 2002 20
1851 1961 1958 2003 infe-

260 2019 446 2061 rioribus
485 2020 601 2071 apice
635 2019 788 2062 lanatis
828 2020 1056 2063 deltoideis
1100 2025 1353 2063 transverse
1393 2020 1706 2063 sublatioribus
1744 2019 1959 2062 truncatis

259 2089 372 2131 saepe
396 2077 565 2120 trilobis
588 2078 684 2120 lobo
709 2080 966 2122 intermedio
997 2080 1118 2121 brevi
1151 2084 1290 2125 acuto,
1315 2079 1588 2121 intermediis
1618 2094 1640 2121 a
1668 2083 1792 2134 parte
1815 2078 1959 2121 media

257 2137 459 2189 utrinque
489 2137 616 2179 dente
655 2137 871 2180 fimbriato
908 2141 1031 2180 aucta
1060 2139 1252 2180 breviter
1289 2139 1543 2192 cuspidatis.
1581 2138 1747 2181 intimis
1785 2137 1955 2180 obtusis

259 2196 728 2238 serrulam-fimbriatis
763 2197 814 2237 ad
846 2198 1036 2240 medium
1064 2198 1105 2239 in
1145 2197 1296 2239 tubum
1336 2197 1712 2240 membranaceum
1751 2196 1962 2249 connatis,

262 2254 437 2296 aelienio
475 2256 670 2308 elongato
711 2256 844 2305 tenui,
889 2256 1014 2311 pappi
1060 2257 1165 2298 setis
1204 2256 1412 2298 brevibus
1440 2255 1690 2300 bai-bellatis
1728 2255 1879 2298 liberis
1916 2255 1959 2296 in

259 2324 457 2355 coronam
483 2314 829 2363 conniventibus,
859 2316 1150 2369 capitulorum
1176 2316 1458 2369 superiorum
1481 2316 1629 2368 phyllo
1658 2315 1794 2357 altero
1826 2314 1962 2356 inter-

258 2371 358 2413 dum
385 2372 423 2413 in
449 2384 582 2414 cornu
613 2373 744 2415 breve
769 2375 979 2428 producto
1017 2381 1074 2422 24.
1110 2375 1156 2417 E.
1184 2373 1569 2427 spleoeroceplzalus
1590 2386 1681 2416 var.
1701 2372 1961 2425 cornigeras

257 2442 335 2471 nc.
364 2430 511 2472 Prodr.
540 2456 596 2460 ——
626 2432 671 2473 E.
702 2433 904 2486 eriolcpz's
933 2433 1069 2477 Boiss.
1093 2434 1138 2476 in
1166 2434 1291 2477 Gaill.
1313 2446 1390 2475 exs

304 2502 403 2537 Hal).
422 2514 459 2538 111
480 2504 593 2549 Syria
612 2505 773 2541 littorali
794 2507 842 2541 ad
859 2506 1058 2542 Sidonem.
1091 2507 1228 2543 Gebaa
1247 2511 1284 2543 et
1302 2506 1454 2542 Libano
1482 2505 1532 2540 ad
1561 2504 1846 2541 Machmouche
1863 2508 1902 2541 et
1920 2504 1961 2540 in

257 2548 402 2585 ditione
422 2551 664 2598 Merdjaioun
686 2553 821 2597 (Gaill.
843 2565 920 2589 exs.
940 2554 1029 2590 9791
1049 2554 1158 2590 19411
1179 2555 1289 2590 19421
1307 2554 1416 2590 24191
1436 2553 1530 2588 2’2Ο
1544 2555 1579 2597 l).

302 2611 575 2666 indumentum
597 2619 929 2663 setoso-asperum
951 2618 1147 2653 rubellum
1167 2622 1205 2653 et
1223 2618 1315 2653 folia
1335 2617 1503 2653 tenuiter
1522 2616 1688 2651 dissecta
1712 2615 1758 2653 E.
1779 2615 1921 2651 viscosi
1937 2625 1963 2649 a.

256 2669 333 2711 quo
353 2660 506 2695 differre
525 2662 678 2698 videtur
707 2664 910 2699 involucro
928 2665 1049 2710 duplo
1071 2666 1250 2701 breviore
1267 2667 1288 2700 7
1307 2665 1376 2700 lin.
1399 2668 1435 2698 tn
1445 2667 1554 2699 ntum
1576 2663 1694 2709 longo
1714 2666 1752 2698 et
1775 2661 1961 2709 capitulis

255 2705 342 2741 ideo
363 2708 588 2752 minoribns,
606 2710 755 2755 phyllis
774 2711 1028 2747 interioribus
1046 2713 1155 2758 apice
1176 2712 1318 2747 lanatis
1337 2711 1660 2757 intermediis-‚que
1677 2710 1850 2745 medium
1875 2719 1962 2744 ver-

254 2762 321 2787 sus
341 2754 429 2799 plus
447 2756 577 2791 minus
596 2757 762 2802 trilobis3
781 2759 943 2794 achema
961 2760 1211 2804 (immatura)
1229 2760 1268 2794 in
1291 2760 1361 2795 hac
1377 2760 1504 2805 specie
1524 2758 1644 2803 longa
1661 2757 1905 2793 tenuissima.

326 2885 383 2924 11.
419 2885 473 2925 E.
512 2886 927 2932 Biancheanus
961 2889 1121 2943 (Boiss.
1151 2889 1274 2945 Mss.)
1305 2894 1423 2933 totus
1461 2900 1596 2932 canus
1634 2887 1960 2941 eglandulosus,

257 2943 374 2982 caris*
409 2944 590 2997 simplici
615 2948 679 2987 vel
711 2960 839 3001 parce
866 2961 1049 2996 ramoso,
1076 2949 1189 2991 foliis
1219 2949 1467 2992 lanceolatis
1489 2948 1555 2990 vel
1584 2947 1962 2997 oblongo-lanceo-

256 2999 353 3040 lam·
380 3015 416 3041 izi
444 3003 618 3044 lacinias
646 3009 798 3047 tenues
825 3008 1080 3050 lanceolatas
1107 3009 1296 3049 tenuiter
1324 3013 1364 3049 01
1396 3007 1663 3060 longiuscule
1686 3005 1960 3059 multispino-
