2071 3241
115 226 241 264 Inula.
839 236 1086 263 composrrAE.
1740 228 1808 262 197

114 309 353 352 linearibus
377 309 653 352 involucrum
681 309 956 363 aequantibus
987 308 1193 361 suffultis,
1215 308 1426 351 involucri
1454 308 1546 350 cani
1571 307 1728 361 phyllis
1755 308 1808 350 ab

114 368 274 410 intimis
296 368 492 410 breviter
515 368 960 420 oblongo-linearibus
988 369 1106 421 apice
1131 368 1565 421 squamoso-reflexis
1584 367 1634 408 ad
1660 366 1808 408 intima

114 427 292 469 linearia
310 429 431 469 acuta
451 427 615 468 sensim
635 426 790 477 auctis,
809 426 952 479 ligulis
971 427 1217 468 numerosis
1239 429 1421 479 anguste
1440 426 1675 467 linearibus
1691 425 1807 467 disco

114 485 548 538 sesquilongioribus‚
576 486 765 527 acheniis
793 485 971 528 hirsutis
1007 491 1065 532 26.

160 558 260 594 Hab.
272 559 312 593 in
327 558 570 604 rupestribus
582 558 817 593 declivitatis
832 557 1016 593 australis
1033 558 1175 593 montis
1192 557 1345 593 Balkan
1356 557 1533 592 Thraciae
1548 557 1646 591 inter
1659 556 1805 591 Kazan-

112 605 168 640 lik
183 607 220 640 et
237 605 395 641 Kalofer
412 605 592 650 (Jankai)
609 605 665 641 Fi.
684 604 786 651 Sept.

159 667 300 703 Caules
325 679 413 703 cum
437 678 589 704 racemo
618 667 879 714 4-5-pollicari
906 667 972 702 vix
1000 668 1177 714 pedales,
1201 667 1293 703 tolia
1315 666 1500 702 radicalia
1516 676 1602 702 cum
1622 666 1766 712 petiolo
1784 667 1805 700 4

112 715 205 762 poll.
225 715 343 761 longa,
374 715 464 750 9-12
495 715 560 750 lin.
587 715 679 760 lata,
707 715 878 761 capitula
908 725 1038 760 magn.
1070 714 1104 750 I.
1124 715 1307 750 candidw
1332 713 1531 748 varietatis
1557 714 1714 748 radiatae
1743 713 1804 749 cui

112 763 239 798 affinis
259 766 316 798 est
334 762 403 797 sed
427 762 577 808 phyllis
595 762 814 808 squarrosis
832 762 1002 797 externis
1022 762 1136 797 valde
1156 761 1394 797 abbreviatis
1411 761 1603 796 distincta.

171 888 240 930 31.
276 886 316 929 1.
353 885 714 941 heterolepis
748 886 907 941 (Boiss.
932 886 1080 939 Diagn.
1109 885 1200 928 Ser.
1232 887 1283 936 Π,
1310 888 1350 939 3,
1377 898 1414 939 p.
1449 885 1516 938 102)
1542 897 1644 926 cana
1669 885 1804 928 dense

111 958 317 1000 pannosa,
357 945 449 987 basi
491 946 808 988 suti'rutesceus
864 949 1102 998 squamata,
1156 945 1351 987 caulibus
1404 947 1563 998 praeter
1613 944 1804 986 ramulos

112 1005 314 1047 axillares
358 1005 513 1046 breves
555 1016 745 1058 superne
784 1004 1050 1046 divaricatim
1076 1004 1358 1057 corynibosis‚
1395 1003 1505 1044 foliis
1541 1002 1801 1044 radicalibus

111 1064 249 1105 ovatis
276 1064 345 1105 vel
381 1063 782 1105 ovato-orbiculatis
823 1063 913 1105 basi
952 1063 1144 1105 breviter
1180 1063 1413 1104 attenuatis
1451 1062 1518 1103 vel
1560 1061 1801 1103 rotundatis

112 1122 292 1175 integris
317 1122 385 1163 vel
409 1122 575 1163 minute
601 1122 851 1174 crenulatis‚
868 1122 1068 1175 capitulis
1094 1121 1430 1175 liemisphaericis
1458 1120 1508 1161 ad
1534 1121 1802 1162 ramulorum

110 1181 275 1234 apicem
310 1180 700 1233 tcrmiualibusque
738 1180 1053 1223 subsessilibus
1082 1181 1240 1234 saepius
1280 1180 1391 1221 binis
1435 1179 1545 1221 foliis
1583 1179 1801 1232 supremis

109 1240 452 1293 ovato-oblongis
497 1251 546 1281 ea
594 1251 706 1295 saepe
750 1240 1060 1292 superantibus
1106 1239 1348 1287 brantomis,
1388 1238 1602 1280 involucri
1646 1237 1802 1290 phyllis

109 1298 316 1353 adpresse
347 1298 580 1340 imbricatis
603 1298 895 1341 exterioribus
914 1297 1360 1351 oblongo-linearibus
1386 1297 1677 1338 obtusissimis
1700 1309 1802 1349 pan-

108 1357 226 1399 nosis
254 1357 537 1400 interioribus
563 1358 830 1411 longioribus
851 1358 1190 1399 membranaceis
1216 1356 1477 1406 lanceolatis‚
1500 1355 1690 1398 acheniis
1713 1355 1800 1397 hir-

109 1416 211 1458 tulis
248 1422 304 1463 26.
339 1417 372 1458 I.
401 1416 590 1458 candida
617 1417 778 1459 Ledeb.
807 1417 868 1458 Fl.
894 1416 1019 1459 Ross.
1046 1416 1098 1468 ΙΙ,
1124 1430 1163 1470 p.
1194 1418 1276 1457 502
1305 1428 1390 1458 non
1417 1414 1466 1455 Ll

154 1496 258 1532 Hab.
291 1497 331 1533 in
359 1497 510 1533 fissuris
542 1499 699 1545 rupium
729 1498 928 1544 Bithyniae
960 1499 1170 1543 (Thirkel),
1200 1498 1366 1534 Galatiae
1397 1498 1573 1543 (Wiedl)‚
1604 1497 1721 1532 Ioniae
1750 1497 1801 1532 ad

104 1544 314 1589 Smyrnam
334 1544 433 1589 (Bal.
452 1545 541 1581 246!
562 1546 638 1583 sub
656 1545 685 1581 J.
702 1543 878 1582 candida*
908 1548 1020 1591 var),
1047 1546 1170 1591 Sipyli
1202 1557 1320 1592 supra
1344 1545 1586 1591 Magnesiam
1609 1545 1740 1589 (Boiss
1756 1545 1797 1589 t),

107 1591 230 1627 Cariae
249 1592 455 1637 (Pinardl),
477 1592 605 1638 Lyciae
634 1593 684 1628 ad
710 1593 868 1629 Elmalu
891 1593 1052 1639 (Bourg.
1077 1594 1193 1638 1541),
1220 1593 1347 1628 Rhodi
1366 1594 1404 1627 in
1424 1596 1554 1628 monte
1573 1592 1688 1627 Samo
1716 1590 1801 1626 Elia

104 1638 248 1683 (forma
265 1640 445 1686 capitulis
460 1640 675 1685 majoribus
694 1640 889 1686 (Bourgl)⁷
904 1641 1100 1676 Armeniae
1116 1641 1285 1676 Rossicae
1305 1640 1627 1683 (N01·dm!)‚inter
1639 1638 1800 1674 Ardessi

105 1685 497 1777 ῗέθιῇηῧυέἵὴὲὼειῃρ
528 1687 717 1732 (Tc-hihi),
747 1689 870 1734 Syriae
902 1689 951 1723 ad
982 1687 1105 1722 Kalaa
1128 1687 1247 1723 Beled
1272 1687 1428 1723 Schekii
1451 1687 1590 1722 Libani
1614 1685 1798 1720 australis

163 1734 201 1768 ai
239 1736 246 1769 l
333 1761 340 1768 .
384 1744 449 1769 un.

152 1796 291 1831 Affinis
311 1795 343 1831 I.
361 1796 544 1833 candidae
570 1798 619 1832 ab
637 1800 683 1833 ea
711 1796 889 1844 specifice
915 1797 1069 1833 differre
1089 1797 1244 1833 videtur
1263 1796 1365 1833 toliis
1395 1796 1552 1831 brevius
1575 1796 1797 1839 attenuatis,

104 1842 390 1879 inflorescentia
419 1844 663 1889 corymbosa,
690 1843 884 1880 involucri
916 1844 1066 1891 phyllis
1101 1845 1271 1880 externis
1307 1843 1581 1878 obtusissimis.
1614 1842 1796 1888 Capitula

104 1890 373 1935 magnitudine
392 1891 555 1926 variant..
578 1891 636 1926 Cl.
658 1890 864 1936 Bourgeau
890 1891 986 1936 legit
1012 1891 1163 1927 Adaliae
1192 1892 1232 1926 in
1258 1891 1420 1937 rupibus
1449 1889 1655 1925 maritimis
1678 1890 1797 1935 speci-

104 1947 194 1972 men
225 1938 330 1972 foliis
362 1938 508 1973 infimis
539 1939 625 1974 basi
647 1939 835 1974 truncatis
855 1940 892 1973 et
917 1938 1066 1985 phyllis
1094 1938 1312 1984 regularius
1336 1938 1548 1973 imbricatis
1569 1937 1797 1971 distinctum

102 1984 171 2019 sed
192 1984 480 2021 innotescentia
496 1986 665 2021 serotina
685 1986 873 2022 abnorme
893 1990 927 2021 et
947 1986 1033 2021 ideo
1053 1986 1129 2022 huc
1148 1986 1449 2021 subdubitanter
1466 1984 1686 2020 adductum.

164 2110 232 2151 32.
266 2107 306 2151 1.
344 2107 581 2163 fragilis
614 2109 775 2163 (Boiss.
819 2114 860 2152 et
899 2109 1104 2163 Haussk.)
1152 2122 1256 2151 cana
1294 2108 1552 2150 densissime
1588 2118 1793 2159 pannosa,

102 2168 338 2211 rhizomate
361 2168 688 2211 sutl'rutescenti
713 2179 859 2211 crasso
887 2168 1145 2210 densissime
1173 2170 1397 2221 squamato
1421 2170 1462 2209 et
1486 2166 1642 2214 lanato,
1664 2164 1795 2207 cauli-

102 2225 185 2269 bus
210 2226 452 2279 fragillimis
484 2227 660 2281 pumilis
695 2224 1042 2282 simplicissimis,
1070 2227 1178 2268 foliis
1212 2225 1473 2268 radicalibus
1505 2222 1797 2266 ovato-rhom-

102 2285 197 2328 beis
225 2285 506 2328 acutiusculis
530 2286 622 2329 basi
647 2286 692 2328 in
719 2286 927 2341 petiolum
952 2287 1146 2329 breviter
1169 2284 1398 2328 attenuatis
1431 2283 1613 2326 obscure
1638 2293 1795 2323 crenu-

101 2343 212 2397 latis,
252 2345 452 2397 capitulis
509 2345 581 2386 3-5
639 2344 891 2388 axium-ibus
948 2344 1259 2387 subsessilibus
1316 2343 1507 2384 breviter
1562 2339 1795 2382 racemosis

102 2402 443 2458 hemisphaericis
488 2403 717 2446 discoideis
761 2405 831 2445 1-22
873 2403 1058 2446 bracteis
1104 2400 1536 2455 lineari-spathulatis
1574 2398 1796 2441 interdum

100 2461 267 2512 obsitis‚
300 2462 517 2504 involucri
550 2463 709 2516 phyllis
744 2462 967 2517 adpressis
994 2462 1112 2505 canis
1142 2462 1193 2503 ab
1226 2461 1418 2504 externis
1455 2456 1795 2507 ovato-oblongis

100 2519 396 2578 obtusissimis
424 2521 477 2563 ad
501 2520 651 2564 intima
676 2525 801 2564 acuta
826 2522 988 2563 sensim
1019 2521 1240 2574 elongatis,
1268 2519 1457 2561 acheniis
1482 2517 1609 2559 hirtis
1643 2522 1700 2562 26.

98 2601 246 2684 FIHKb.
277 2603 316 2638 in
344 2603 495 2639 fissuris
519 2604 677 2651 rupium
702 2604 849 2640 montis
870 2603 1057 2651 Begdagh
1078 2602 1277 2638 Cataonize
1305 2612 1424 2647 supra
1441 2600 1600 2635 Malatia
1618 2599 1792 2642 (Heldrl)

148 2677 154 2683 .
208 2660 270 2695 ug.

145 2713 285 2749 Caules
306 2714 567 2761 semipedales
585 2714 756 2760 fragiles,
773 2725 817 2750 ca
848 2714 944 2750 itula
966 2713 1195 2760 majuscula.
1211 2712 1347 2748 Affinis
1368 2711 1396 2746 I.
1411 2709 1662 2756 keterolepidi
1677 2719 1700 2743 a
1715 2711 1791 2753 qua

98 2759 227 2796 differt
248 2760 534 2797 inssorescentia
553 2765 762 2806 racemosa,
781 2762 818 2797 fo
838 2762 885 2798 iis
903 2761 1154 2805 acutioribus,
1173 2759 1366 2795 involucri
1386 2757 1532 2804 phyllis
1552 2756 1790 2791 numerosio-

97 2807 204 2843 ribus
222 2808 441 2853 regularius
461 2808 684 2844 imbricatis.

156 2929 297 2973 331.
329 2929 643 2975 Anatolica
690 2932 855 2986 (Boiss.
911 2932 1062 2986 Diagn.
1108 2931 1200 2973 Ser.
1227 2931 1258 2983 l,
1305 2931 1371 2981 11,
1417 2942 1455 2983 p.
1487 2929 1534 2981 6)
1580 2928 1787 2982 adpresse

97 2990 526 3044 canescenti-virens,
551 2991 643 3033 basi
685 2990 1000 3034 suffrutescens
1039 2993 1275 3044 squamata,
1311 2988 1507 3031 caulibus
1542 2987 1788 3030 numerosis
