2090 3291
238 189 313 224 554
972 192 1218 218 conposrrAE.
1641 182 1921 231 Chamoepeuce
1931 213 1937 217 .

242 346 600 396 CHAMAEPEUCE
637 346 800 405 (Prosp.
837 344 924 405 Alp.
959 345 1071 392 Exot.
1105 345 1177 391 77.
1211 371 1269 376 —-
1298 343 1458 391 Griseb.
1499 344 1607 406 Spic.
1646 344 1699 399 ll,
1737 358 1775 406 p.
1816 345 1938 404 254).

308 438 371 445 —
400 410 757 472 Chamoepeuce
785 411 913 457 Sect.
946 409 1272 455 Ptilostemon
1303 423 1398 455 D.c.
1438 409 1608 456 Prodr.
1641 409 1722 466 VI,
1751 424 1795 471 p.
1834 410 1942 457 657.

308 504 368 512 --
403 476 729 522 Plilostemon
780 474 914 522 Cass.
956 502 1013 507 -—
1050 472 1284 520 Koechlea
1310 473 1454 521 Endl.
1503 474 1621 521 Gen.
1666 474 1838 536 Suppl.
1885 475 1943 532 ΙΙ,

311 556 356 603 p.
389 542 451 588 48
480 542 555 601 (ex
585 540 864 601 descripti).

304 688 549 742 Capitulum
585 688 885 740 homogamum
921 688 1043 730 multi
1079 690 1123 729 et
1156 685 1486 741 aequaliflorum.
1542 687 1761 730 Involucri
1799 688 1945 742 phylla

243 749 482 791 imbricata.
519 746 855 800 Receptaculum
890 746 1239 788 umbi-illiserunt.
1277 745 1445 788 Corolla
1477 747 1668 799 ringens.
1704 746 1944 789 Staminum

247 808 464 850 filamenta
495 806 630 847 libera
661 807 859 860 plumosa
892 806 1084 847 antheris
1116 804 1370 847 bicaudatis.
1400 805 1592 848 Achenia
1617 806 1799 848 obovata
1824 806 1947 848 laevia

245 867 353 908 dura
372 866 459 907 hilo
479 865 667 907 basilari.
687 865 844 907 areolae
867 864 1110 906 terminalis
1133 864 1326 916 margine
1345 867 1386 906 et
1407 864 1594 906 umbone
1616 865 1706 906 fere
1725 864 1945 907 obsoletis.

245 925 379 978 Pappi
404 923 705 966 multiserialis
727 927 829 965 setae
851 925 1062 977 plumosae
1084 924 1129 965 in
1152 923 1364 965 annulum
1388 923 1620 965 deciduum
1643 927 1866 966 concretae.
1890 948 1948 953 —

242 983 301 1026 Su
311 984 503 1025 ll'rutices
519 983 632 1025 foliis
650 982 1103 1025 lineari-filiformibus
1125 981 1380 1024 inermibus.
1401 1006 1454 1011 -—-
1473 979 1622 1024 Genus
1638 981 1779 1025 Cirsz‘o
1801 983 1948 1037 proxi-

243 1055 378 1093 mum,
399 1042 475 1083 sed
494 1042 546 1083 ab
564 1053 612 1083 eo
632 1041 864 1083 filamentis
884 1041 1095 1094 plumosis
1114 1045 1156 1083 et
1178 1041 1328 1083 habitu
1346 1041 1471 1083 valde
1494 1042 1671 1095 proprio
1690 1042 1948 1084 naturaliter

245 1100 512 1144 distinctum.

305 1227 339 1265 1.
371 1224 422 1268 C.
451 1224 654 1279 Alpini
683 1223 829 1278 (Jaul).
855 1227 894 1265 et
915 1223 1052 1278 Spach
1071 1223 1134 1265 Ill.
1159 1223 1230 1266 Or.
1254 1223 1304 1276 V,
1325 1223 1410 1266 tab.
1435 1224 1541 1278 425)
1569 1224 1787 1278 fruticosa,
1814 1225 1948 1268 ramis

245 1284 427 1325 novellis
456 1288 579 1336 parte
612 1283 804 1324 inferiori
838 1283 1094 1326 tomentosis
1129 1282 1263 1326 dense
1299 1283 1463 1325 foliosis
1501 1283 1720 1337 superiori
1747 1284 1948 1337 sparsius

245 1347 283 1385 et
327 1343 505 1385 brevius
548 1342 712 1384 foliosis
751 1354 864 1396 saepe
905 1341 1305 1394 glabrescentibus‚
1340 1341 1453 1384 foliis
1493 1341 1948 1385 lineari-filiformihus

244 1402 438 1454 margine
467 1402 679 1443 revolutis
708 1413 843 1454 supra
865 1400 1027 1453 glabris
1049 1401 1207 1443 subtus
1230 1400 1559 1443 canescentibus
1586 1401 1654 1443 vel
1679 1402 1810 1454 canis,
1834 1401 1949 1455 capi-

246 1460 352 1501 tulis
390 1459 694 1502 terminalibus
733 1460 805 1501 3-5
844 1460 989 1502 rarius
1030 1460 1105 1501 7-9
1144 1460 1449 1514 pedunculatis
1486 1460 1755 1513 corymbosis
1790 1461 1946 1510 ovaiis,

243 1519 458 1560 involucri
485 1531 611 1572 parce
634 1517 873 1561 tomentelli
897 1518 962 1561 vel
988 1518 1302 1572 glabrescentis
1323 1518 1484 1573 phyllis
1507 1519 1745 1561 imbricatis
1768 1519 1821 1561 ab
1843 1519 1949 1561 infe-

243 1577 435 1618 rioribus
454 1577 796 1631 triangularibus
816 1578 952 1619 acutis
972 1578 1142 1620 mnticis
1164 1579 1228 1620 vel
1248 1578 1442 1619 breviter
1458 1578 1811 1631 spinescentibus
1828 1578 1949 1632 apice

245 1636 406 1690 saepius
430 1636 674 1678 virentibus
701 1637 752 1678 ad
780 1637 931 1678 intima
959 1637 1194 1679 lanceolata
1221 1637 1410 1679 scariosa
1438 1637 1802 1691 purpurascentia
1829 1639 1947 1679 elon-

244 1695 356 1795 ngmiss
384 1706 415 1742 ff>-
450 1694 682 1736 Stoeleecime
709 1694 1008 1747 Chamoepezece
1037 1695 1083 1736 L.
1117 1695 1192 1751 Sp.
1225 1697 1351 1737 1147.
1379 1720 1435 1726 ——
1462 1694 1621 1737 Unicus
1645 1694 1950 1749 Chamoepeucc

287 1764 333 1795 es
357 1787 362 1793 .

303 1849 343 1872 α.
371 1830 546 1871 mulsea.
574 1853 628 1861 —
655 1830 872 1872 Involucri
902 1829 1048 1884 phylla
1077 1831 1300 1884 adpressa.
1323 1853 1376 1861 -
1394 1829 1464 1873 Ch.
1494 1829 1659 1871 minica
1682 1842 1763 1873 αθ.
1792 1828 1948 1871 Prodr.

242 1888 315 1942 Vl,
339 1902 378 1943 p.
405 1890 503 1930 658.
529 1913 585 1918 —
608 1890 662 1931 Ic.
692 1887 740 1930 Fl
779 1888 916 1931 Graec.
942 1889 1024 1931 lab.
1049 1891 1149 1932 847.
1732 1948 1735 1950 Β

294 1963 393 1999 Hah.
423 1963 471 1998 ad
502 1973 617 2009 rupes
646 1962 850 1998 verticales
882 1963 1052 2008 regionis
1082 1963 1287 2007 inferioris,
1307 1962 1533 2008 Zacynthus
1558 1961 1735 2007 (Margi),
1754 1961 1951 1998 Messenia

244 2021 366 2057 prope
385 2010 504 2055 Pylos
522 2011 707 2054 (Daenzl),
726 2009 854 2044 Attica
870 2010 909 2044 in
928 2010 1131 2045 montibus
1151 2010 1339 2056 Hymetto
1360 2009 1505 2056 (Sprun
1519 2012 1540 2054 ἰ,
1558 2008 1680 2056 Orph.
1700 2009 1757 2044 Fl.
1779 2009 1845 2045 Gr.
1864 2018 1949 2043 exs.

245 2058 351 2102 2610
380 2061 416 2092 et
444 2058 588 2093 Parnes
616 2056 803 2102 [Heldrl),
824 2061 955 2092 monte
978 2057 1133 2093 Athone
1158 2057 1332 2102 (Auem),
1349 2056 1530 2102 Smyrnae
1560 2056 1612 2092 ad
1640 2055 1950 2101 Koukouloudja

241 2104 342 2149 (Bal.
362 2115 441 2140 exs.
460 2105 545 2140 2711
566 2104 641 2140 sub
661 2103 698 2140 C.
714 2103 970 2151 ¹qmzphalode
987 2104 1101 2151 lapsu
1120 2104 1291 2148 calami).

301 2170 345 2224 β.
373 2168 666 2222 camptolepis.
697 2194 750 2200 —
778 2168 999 2212 Involucri
1036 2169 1181 2223 pliylla
1214 2170 1334 2223 apice
1368 2168 1563 2212 breviter
1603 2167 1950 2222 patulo-curvata

243 2241 359 2283 sec-pe
387 2229 660 2272 manifestius
687 2228 994 2283 spinescentia.
1026 2252 1079 2257 —
1103 2227 1144 2270 C.
1171 2226 1456 2282 polycephala
1480 2240 1560 2270 1).c.
1592 2226 1747 2269 Prodr.
1776 2226 1852 2269 loc.
1879 2225 1949 2268 cit.

291 2302 394 2338 Hah.
417 2301 466 2336 ad
493 2312 608 2349 rupes
637 2303 784 2338 montis
810 2301 958 2349 Delphi
983 2302 1128 2338 Eubeae
1151 2301 1336 2348 (Sprunll,
1366 2301 1490 2338 Cretae
1517 2300 1675 2346 (Sieb!)‚
1698 2298 1952 2346 Archipelagi

244 2351 389 2396 (Urvi),
407 2348 536 2385 Rhodi
567 2349 759 2396 (Bourg!)‚
776 2349 977 2395 Bithyniae
1008 2349 1215 2394 (Grisebl),
1234 2348 1359 2384 Cariae
1388 2348 1586 2394 (Pinardl)
1613 2350 1651 2384 et
1679 2347 1729 2383 ad
1758 2345 1951 2383 Tchesme

243 2397 398 2442 (Olivi),
423 2396 671 2444 Pamphyliae
697 2397 747 2432 ad
775 2396 918 2433 Adalia
943 2400 981 2433 et
1008 2396 1135 2442 Alaya
1159 2396 1317 2440 (Heldrl
1343 2395 1522 2441 Bourgl),
1546 2394 1695 2431 Ciliciae
1719 2393 1812 2440 (Ky.
1836 2392 1951 2437 2761),

244 2445 365 2491 Cypri
383 2446 510 2490 (Kyl)‚
527 2444 651 2490 Syriae
669 2444 851 2480 littoralis
869 2443 919 2479 ad
940 2444 1128 2480 Sidonem
1146 2443 1246 2488 (ΒΗ)
1264 2445 1302 2479 et
1326 2444 1367 2478 in
1384 2443 1542 2489 regione
1567 2441 1743 2477 inferiori
1760 2443 1798 2477 et
1815 2439 1951 2476 media

243 2491 385 2575 fflbgffni
411 2493 452 2529 iu
472 2492 577 2527 valle
602 2491 768 2537 Solyma
795 2495 832 2527 et
857 2491 907 2527 ad
932 2491 1140 2528 Bescherre
1157 2490 1269 2536 (ΒΗ),
1289 2491 1339 2526 ad
1366 2490 1511 2526 maenia
1530 2489 1750 2525 Antiochiae
1767 2487 1951 2533 (Boissl).

294 2568 300 2574 .
359 2541 405 2575 ai.
421 2541 509 2576 Jun.

293 2603 425 2638 Variat
454 2601 638 2649 capitulis
669 2600 817 2647 glabris
846 2601 911 2637 vel
942 2601 1192 2647 tomentellis,
1214 2600 1446 2648 phyllorum
1476 2600 1586 2647 apice
1614 2601 1739 2635 erecto
1765 2598 1830 2635 vel
1863 2597 1953 2645 plus

246 2650 378 2685 minus
395 2650 532 2697 patulo
554 2648 617 2685 vel
637 2649 758 2685 etiam
776 2658 953 2685 recurvo.

308 2766 345 2805 Ξῖ.
367 2765 421 2808 C..
445 2764 735 2808 fruticosa
763 2763 864 2819 (uc.
892 2764 1047 2807 Prodr.
1069 2763 1142 2818 VI,
1164 2777 1204 2819 p.
1234 2764 1319 2806 658
1323 2774 1342 2819 )
1367 2764 1586 2815 fruticosa,
1609 2763 1743 2806 ramis
1770 2762 1954 2805 novellis

246 2824 501 2866 tomontosis
539 2823 708 2865 inferne
741 2823 894 2866 crebre
927 2823 1091 2866 foliosis
1129 2834 1321 2878 superne
1350 2822 1641 2874 nudiusculis,
1663 2821 1776 2864 foliis
1814 2820 1953 2874 longis

248 2881 702 2924 lineari-filiformibus
730 2882 922 2936 margine
949 2882 1159 2925 revolutis
1187 2894 1324 2935 supra
1348 2881 1509 2935 glabris
1536 2880 1693 2924 subtus
1720 2891 1954 2924 canescen-

248 2940 380 2994 tibus,
419 2941 620 2995 capitulis
655 2941 960 2984 terminalibus
995 2941 1071 2983 3-5
1108 2940 1378 2995 corymbosis
1413 2940 1609 2983 breviter
1648 2937 1954 2994 pedunculatis
