2066 3296
127 231 348 269 Sffratula.
855 241 1101 268 COMPOSITAE.
1761 240 1833 276 589

127 313 183 356 Ic.
210 312 347 355 Rchb.
374 313 461 355 tab.
499 313 566 354 73.
604 336 657 343 —
690 311 892 354 Cardzcus
923 313 1094 356 nitidus
1135 314 1202 356 W.
1243 315 1292 357 K.
1330 316 1392 357 Pl.
1435 330 1521 360 rar.
1561 320 1643 362 tab.
1681 321 1749 362 52.
1772 345 1831 352 —

120 370 332 414 carduus
355 369 643 424 lycopzfolius
670 370 768 413 Vill.
796 371 951 425 Delph.

175 436 277 472 Hah.
296 436 336 472 in
357 436 545 472 Caucasia
564 446 684 482 prope
701 436 1007 482 Elisabethgrad
1027 438 1320 485 (Boschniakl).

175 499 297 535 Valde
316 500 443 535 affinis
462 500 707 546 praecedenti,
722 500 846 536 caulis
863 501 1043 548 simplex,
1062 502 1156 538 folia
1173 504 1303 539 minus
1321 504 1497 550 dissecta,
1516 507 1654 554 phylla
1671 510 1829 545 subma-

122 547 208 594 jora
226 547 335 593 apice
353 547 490 582 striata
508 548 546 583 et
563 547 603 582 in
621 547 823 593 spinulam
843 547 1065 585 breviorem
1087 551 1214 596 magis
1235 553 1447 588 attenuata.

174 609 235 646 Ar.
263 609 399 655 Geoqr.
427 609 560 645 Gallia
592 610 963 646 austro-orientalis
996 611 1035 646 in
1072 612 1337 660 Delphinatu,
1368 614 1580 652 Germania
1618 619 1829 665 orientalis,

125 656 252 702 Islria‚
271 657 378 702 regio
399 656 651 701 Danubiafis,
663 657 802 693 Rossia
821 657 951 694 media
968 660 1005 693 et
1023 659 1224 695 australis.

191 772 256 813 11.
280 769 331 813 S.
353 769 764 825 oliqocephala
787 769 888 826 (uc.
910 771 1066 814 Prodr.
1085 773 1153 823 Vl,
1172 787 1211 827 p.
1230 774 1335 829 669)
1353 779 1828 831 araneoso-pubescens

128 829 286 884 pallide
315 829 477 880 virens,
505 831 627 872 caule
652 830 838 884 simplici
864 842 1056 884 superne
1081 831 1198 874 nudo
1227 845 1445 877 racemose
1473 840 1515 879 et
1539 836 1734 880 breviter
1759 841 1825 881 vel

121 888 471 941 subcorymbose
491 888 784 943 2-7-cephalo‚
801 889 913 932 foliis
932 889 1221 933 subcoriaceis
1240 893 1457 945 petiolatis
1481 894 1653 948 lyratim
1677 897 1829 950 pinna—

130 947 337 1002 tipartitis
378 946 543 989 laciniis
582 948 750 991 obtusis
790 947 944 991 obtuse
982 949 1171 992 dentatis
1211 950 1464 995 lateralibus
1504 955 1711 1009 utrinque
1756 956 1827 997 2-:3

124 1005 629 1049 lanceolam-linearibus
646 1007 796 1061 parvis
814 1011 1036 1060 segmento
1049 1009 1268 1050 terminali
1284 1010 1471 1054 maximo
1487 1013 1829 1067 ovalo-oblongo,

125 1065 240 1108 foliis
264 1064 569 1118 superioribus
598 1067 668 1107 1-2
695 1069 879 1118 anguste
909 1066 1162 1119 linearibus,
1191 1068 1391 1121 capitulis
1416 1071 1639 1124 sphaericis
1666 1072 1826 1115 medio-

122 1123 302 1174 cribus,
340 1123 556 1166 involucri
594 1124 875 1178 pubescentis
911 1125 1072 1179 phyllis
1104 1127 1310 1169 coriaceis
1348 1128 1572 1182 adpressis
1613 1131 1750 1173 ovatis
1788 1135 1829 1174 et

128 1182 324 1236 oblongis
358 1181 476 1236 apice
501 1183 667 1225 striatis
699 1183 744 1226 in
777 1195 1031 1227 mucronem
1058 1184 1237 1227 brevem
1267 1187 1528 1240 adpressum
1559 1189 1602 1230 in
1636 1191 1829 1232 externis

121 1241 210 1284 cito
235 1241 467 1284 deciduum
489 1241 767 1294 abeuntibus,
790 1242 975 1285 internis
1001 1243 1212 1297 elongatis
1235 1244 1357 1299 longe
1376 1246 1830 1291 membranaceo-acu—

125 1300 312 1350 minatis,
329 1300 523 1343 flosculis
538 1301 690 1353 roseis‚
707 1302 898 1344 aelieniis
916 1302 1264 1356 subcompressis
1280 1304 1462 1348 laevibus
1474 1318 1615 1360 pappo
1634 1306 1830 1350 scabrido

127 1359 304 1402 sordido
329 1359 392 1402 eis
419 1359 700 1414 sublongiore
724 1361 946 1416 superatis
983 1367 1041 1409 211.

173 1433 277 1468 Hah.
309 1433 349 1469 iu
374 1433 618 1480 rupestribus
648 1433 874 1480 Berytdagh
898 1437 934 1470 et
963 1434 1205 1481 Akkerdagh
1235 1436 1434 1472 Cataoniae
1465 1438 1694 1484 (Haussk!)‚
1717 1440 1829 1485 Syria

126 1479 207 1516 bor.
227 1480 268 1515 in
287 1480 490 1516 montibus
510 1481 656 1516 Aintab
674 1481 814 1525 (Auch.
833 1482 927 1517 3219
946 1484 970 1521 Ι)
996 1486 1033 1517 et
1055 1482 1094 1517 in
1120 1486 1252 1519 monte
1272 1485 1425 1520 Amano
1445 1494 1564 1532 supra
1582 1488 1704 1523 Arsus
1723 1487 1828 1523 2500’

118 1526 217 1619 3:37.
236 1527 353 1620 1322&
370 1527 714 1610 ikpllisffsopotamia
736 1528 836 1564 circa
860 1528 986 1565 Terek
1009 1529 1189 1574 (Haussk
1204 1532 1245 1575 ἶ),
1269 1531 1369 1566 inter
1391 1531 1600 1568 Diarbekir
1620 1536 1655 1569 et
1674 1534 1826 1570 Mai-din

180 1585 218 1621 y.
348 1603 355 1610 .
424 1603 430 1609 .
486 1585 551 1621 ug.

172 1629 478 1678 Sesquipedalis‚
496 1631 591 1667 folia
609 1631 771 1667 omnino
788 1630 1006 1668 Senecionis
1020 1631 1197 1669 Jacobeoe
1211 1633 1276 1669 vel
1289 1634 1474 1681 aquatici,
1491 1635 1661 1682 capitula
1679 1636 1825 1683 pedun-

119 1677 225 1713 culis
244 1678 307 1713 vel
327 1678 381 1713 eis
401 1677 468 1713 vix
486 1677 734 1724 longioribus
753 1681 791 1714 et
809 1681 900 1714 tunc
919 1679 1207 1716 inflorescentia
1225 1680 1396 1717 breviter
1411 1692 1614 1719 racemosa
1636 1684 1698 1719 vel
1716 1684 1827 1719 elon-

121 1725 227 1770 gatis
245 1728 282 1761 et
300 1729 391 1761 tunc
408 1725 697 1762 inflorescentia
714 1725 962 1772 corymbosa.

190 1844 254 1885 12.
288 1842 339 1886 S.
377 1843 809 1901 melanocheila
850 1844 1006 1899 (Boiss.
1048 1848 1090 1888 et
1129 1845 1339 1901 Haussk.)
1371 1847 1664 1900 glabriuscula
1693 1849 1827 1891 nitida

125 1902 283 1957 pallide
312 1903 474 1954 virens,
514 1904 711 1947 caulibus
750 1904 967 1958 angulatis
1009 1905 1201 1948 tenuiter
1233 1906 1415 1959 virgatis
1453 1906 1721 1960 simplicibus
1757 1908 1824 1949 vel

124 1962 294 2005 inferne
329 1963 399 2004 1-2
435 1962 619 2005 ramulis
653 1963 880 2006 sterilibus
919 1968 1055 2007 auctis
1089 1975 1279 2019 superne
1322 1964 1593 2008 nudiusculis
1630 1978 1826 2009 monoce-

124 2020 277 2075 phalis,
306 2021 419 2064 foliis
458 2021 657 2074 rigidulis
698 2021 980 2066 inferioribus
1024 2023 1239 2077 petiolatis
1282 2023 1532 2066 lanceolatis
1570 2025 1613 2066 in
1652 2025 1826 2068 lacinias

124 2080 384 2123 lanceolatas
409 2084 556 2122 acutas
580 2092 710 2135 parce
731 2084 773 2123 et
797 2084 920 2124 acute
948 2081 1145 2125 dentatas
1172 2082 1363 2135 margine
1391 2082 1612 2125 scabridas
1637 2084 1824 2137 pinnati-

125 2138 296 2193 partitis
315 2139 532 2181 terminali
554 2139 802 2194 submaJ‘ore
823 2139 996 2183 rachide
1016 2140 1205 2192 dentata,
1226 2141 1337 2184 foliis
1356 2142 1661 2195 superior-Ibus
1681 2143 1827 2196 paucis

125 2198 306 2240 minutis
331 2197 570 2241 linearibus
593 2199 791 2252 integris,
808 2199 1009 2253 capitulis
1028 2199 1606 2253 ovato-globosis.involucri
1622 2201 1826 2255 puberuli

126 2256 286 2310 phyllis
303 2257 483 2299 minutis
505 2258 644 2300 ovatis
663 2261 706 2301 et
722 2258 918 2310 oblongis
940 2260 1059 2313 apice
1083 2258 1316 2312 subpatulo
1337 2259 1471 2313 nigris
1497 2260 1632 2301 aculis
1658 2259 1825 2313 subspi-

123 2315 418 2367 nescentibus‚
444 2316 607 2359 intimis
631 2317 1081 2371 elliptico-linearibus
1109 2318 1227 2371 apice
1251 2317 1594 2360 membranaceis
1623 2318 1824 2361 denticu-

123 2373 238 2425 latis,
267 2374 460 2417 flosculis
487 2376 641 2422 roseis.
665 2376 880 2420 acheniis.
899 2406 938 2417 ..
978 2382 1037 2425 γ.

172 2446 272 2482 Hah.
286 2447 336 2482 ad
352 2447 462 2483 nives
478 2449 623 2484 montis
635 2447 794 2484 Schahu
809 2448 1074 2485 Kurdistaniae
1090 2449 1254 2484 Persicae
1269 2448 1396 2485 12000·
1410 2448 1587 2494 (Haussk
1597 2451 1632 2493 l).
1648 2448 1703 2484 Fi.
1718 2448 1821 2495 Sept.

169 2509 282 2546 Folia
308 2510 495 2547 inferiora
519 2521 607 2547 cum
634 2510 782 2558 petiolo
807 2511 1095 2559 3-4-pollicaria
1118 2512 1141 2547 6
1162 2512 1231 2547 lin.
1253 2511 1344 2556 lata,
1363 2511 1493 2547 caules
1518 2511 1825 2558 sesquipedales

118 2557 297 2603 capitula
318 2566 449 2604 magn.
467 2557 506 2595 S.
526 2558 663 2595 nitidae
679 2561 717 2594 et
737 2557 912 2595 Gmelini
927 2570 948 2594 a
964 2560 1107 2606 quibus
1126 2559 1309 2595 affinibus
1328 2559 1512 2595 foliorum
1533 2559 1656 2595 forma
1671 2561 1708 2594 et
1724 2559 1823 2594 divi-

117 2604 232 2641 sione
254 2604 480 2652 phyllisque
498 2606 605 2652 apice
625 2605 825 2653 eleganter
843 2606 966 2652 nigris
987 2606 1125 2642 differt.

278 2725 295 2740 ²
323 2724 340 2740 *
368 2724 387 2741 *
414 2728 744 2768 lntogrirouae.
771 2746 817 2751 —
843 2724 955 2761 Folia
977 2724 1152 2760 indivisa
1166 2726 1367 2772 superiora.
1386 2734 1463 2760 non
1481 2724 1709 2760 auriculata.

185 2822 250 2864 13.
266 2820 316 2865 S.
335 2821 797 2877 Haussknechti,
813 2823 1121 2877 glabriuscula‚
1139 2823 1260 2866 caule
1278 2824 1441 2877 virgato
1466 2823 1647 2877 simplici
1675 2835 1820 2865 mono-

118 2881 316 2934 cephalo‚
349 2882 462 2924 foliis
488 2882 770 2926 inferioribus
797 2882 1013 2937 petiolalis
1040 2881 1235 2935 oblongis
1263 2882 1431 2925 obtusis
1461 2882 1553 2924 basi
1587 2884 1820 2924 attenuatis

121 2938 301 2994 integris
329 2940 398 2982 vel
420 2941 590 2983 inferne
613 2952 741 2995 parce
765 2941 966 2991 dentatis,
985 2940 1288 2994 superioribus
1312 2941 1459 2994 paucis
1483 2941 1662 2983 minutis
1689 2942 1819 2984 sessi-

121 2997 237 3040 lihus
264 2999 505 3043 linearibus
533 3001 685 3053 acutis,
709 3000 897 3055 capitulo
924 3000 1100 3054 globoso
1127 2999 1348 3045 mediocri,
1375 3000 1588 3042 involucri
1615 2999 1817 3054 pubet-uli
