2066 3311
112 213 370 261 Campanula.
781 223 1129 249 CAMPANULACEAE.
1741 213 1814 250 931

110 295 226 330 nibus
246 294 368 340 duplo
388 293 624 340 maioribus3
642 294 770 329 variat
797 294 887 340 plus
909 295 1039 329 minus
1060 293 1300 329 condensata
1322 293 1383 329 vel
1411 292 1514 337 laxa,
1534 293 1818 340 2-3-pollicaris

109 342 171 377 vel
193 341 342 388 pedalis
361 343 399 376 et
417 341 566 376 elatior.

168 476 236 515 9¹.
271 473 325 517 C.
359 471 772 529 camptoclada
805 472 948 527 [Boiss
1001 473 1153 524 Diagu.
1191 472 1282 514 Ser.
1323 472 1351 513 Ι.
1390 474 1448 513 ll.
1491 485 1528 525 p.
1557 473 1633 516 63)
1667 473 1817 526 patule

109 533 354 579 albo-hirta,
376 533 496 574 caule
513 546 534 574 a
557 533 645 573 basi
666 532 908 587 dicliotome
927 536 969 573 et
994 532 1263 573 divaricatio]
1285 532 1584 573 ramosissimo
1603 532 1816 583 flexuoso,

109 592 220 634 foliis
248 593 386 634 ovatis
417 596 459 634 et
493 591 837 644 ovato-oblongis
869 590 1150 633 inferioribus
1185 594 1225 631 iu
1256 591 1463 644 petiolum
1500 590 1677 632 brevem
1709 595 1817 633 atte-

110 650 252 693 nuatis
280 651 584 703 superioribus
612 649 838 692 diminutis
867 651 1020 693 aculis.
1045 649 1228 691 floribus
1256 650 1509 692 lateralibus
1536 654 1578 692 et
1606 651 1813 692 termina—

111 709 222 752 libus
247 710 516 763 longiuscule
548 709 829 763 pedicellatis,
855 709 1014 762 calycis
1051 710 1227 763 strigosi
1262 709 1427 751 lacinus
1462 722 1485 751 a
1511 709 1603 751 basi
1632 708 1816 761 oblonga

108 769 610 811 attenuato-acuminatis
649 767 887 810 fructiferis
925 769 1061 810 auctis
1100 768 1262 810 iullatis
1299 769 1516 822 capsulam
1553 768 1815 818 tegentibus,

107 827 420 882 appendicibus
439 828 576 870 ovatis
599 827 768 869 obtusis
794 828 967 869 taudem
994 828 1188 869 acm-etis.
1209 827 1365 869 corolla
1391 828 1577 869 czerulea
1599 827 1818 880 liispidula

108 891 291 939 anguste
333 886 858 940 tubuloso—campanulata
899 888 1042 940 calyce
1086 886 1218 940 duplo
1263 887 1454 939 longiore
1503 887 1608 928 iobis
1648 890 1813 928 erecto-

106 946 282 999 palulis,
309 946 485 999 capsula
516 949 694 988 nutante
725 951 789 997 Ε).
818 944 856 988 C.
887 944 1052 987 bicolor
1082 945 1218 986 Boiss.
1239 946 1281 986 in
1310 947 1363 999 pl.
1393 946 1487 987 Pin.
1513 958 1603 988 exs.

154 1028 255 1063 Hah.
271 1028 309 1062 in
330 1028 483 1062 fissuris
503 1027 660 1073 rupium
680 1028 900 1074 apricarum
920 1027 1139 1062 Antilibani
1154 1028 1252 1062 circa
1272 1027 1416 1063 Banias
1435 1032 1472 1063 et
1486 1028 1691 1073 Rascheya
1707 1028 1816 1063 saxis

105 1075 339 1110 incumbens
358 1078 395 1110 et
413 1086 524 1110 secus
544 1085 588 1110 ea
610 1086 739 1110 ramos
758 1086 937 1110 curvans.
958 1075 1014 1110 Fl.
1038 1078 1127 1121 Apr.

154 1148 293 1183 Planta
319 1147 637 1194 8-1o-pollicaris,
656 1148 772 1182 ssores
800 1146 863 1182 8-9
891 1147 1016 1182 lineas
1038 1147 1164 1193 longi;
1183 1158 1205 1182 a
1226 1146 1263 1183 C.
1282 1145 1453 1194 streyosd
1479 1151 1516 1182 et
1534 1145 1818 1194 Hierosolymi-

107 1193 206 1232 ιανιᾶ
229 1195 459 1230 indumento
478 1194 663 1240 molliori,
682 1194 786 1230 foliis
806 1194 1047 1230 abbreviatis
1068 1195 1288 1238 latioribus,
1307 1194 1455 1230 corolla
1480 1194 1623 1230 minori
1645 1196 1817 1240 angusta

108 1242 293 1278 tubulosa
309 1242 549 1289 discrepans.

166 1374 233 1415 92.
269 1372 323 1416 C.
361 1372 657 1415 rimarum
691 1371 850 1426 (Boiss.
886 1374 930 1414 in
971 1371 1128 1425 Boin-g.
1168 1383 1260 1414 exs.
1305 1372 1436 1425 1860)
1471 1376 1621 1414 tenera
1657 1373 1816 1426 pusilla

106 1433 251 1487 patule
280 1430 631 1486 albo-blspidula,
657 1431 852 1473 caulibus
878 1431 1000 1473 nanis
1027 1446 1048 1472 a
1070 1431 1161 1473 basi
1188 1431 1372 1473 ramosis
1396 1430 1619 1485 ramisque
1648 1432 1813 1473 flexuo-

107 1492 167 1535 sis
191 1491 483 1536 filiformibus„
503 1491 615 1533 foliis
639 1490 1103 1544 oblongo-spatlmlalis
1122 1491 1290 1531 obt-usis
1308 1490 1591 1532 inferioribus
1610 1490 1653 1532 in
1679 1491 1816 1544 petio-

106 1550 194 1593 lum
219 1549 399 1592 brevem
425 1550 676 1603 attenuatis,
703 1549 885 1592 floribus
915 1550 1092 1591 minutis
1119 1549 1342 1603 pedicellis
1370 1549 1649 1603 capillaribus
1680 1549 1815 1604 bispi-

107 1610 221 1658 dulis
259 1609 453 1652 incurvis
489 1609 551 1650 eis
584 1609 853 1663 longioribus
891 1609 1097 1651 suffultis.
1131 1609 1289 1661 calycis
1325 1608 1606 1662 hispidissimi
1645 1609 1815 1651 laciniis

106 1668 597 1721 ovato-triangularibus
626 1668 907 1711 acutiusculis
938 1673 1035 1721 post
1065 1668 1263 1710 auiliesiu
1296 1667 1563 1710 subaccrelis
1591 1668 1815 1723 capsulam

105 1728 368 1782 tegentibus,
392 1719 705 1781 appendicibus
733 1727 872 1770 ovatis
898 1727 1066 1771 obtusis
1091 1727 1193 1770 tubo
1219 1726 1412 1780 calycino
1439 1727 1816 1781 sublongioribus,

106 1787 263 1830 corolla
290 1787 474 1829 caerulea
501 1789 683 1840 anguste
710 1787 914 1829 tubulosa
943 1786 1138 1830 breviter
1166 1786 1307 1829 lobala
1334 1786 1453 1840 apice
1483 1787 1594 1828 hirta
1622 1787 1813 1841 calycem

107 1858 188 1888 non
219 1845 468 1894 excedente,
496 1846 673 1900 capsula
701 1849 882 1888 nutante
915 1850 980 1897 Θ.

153 1919 254 1955 Hah.
273 1920 312 1955 in
331 1919 483 1954 fissuris
502 1920 661 1966 rupium
679 1919 809 1966 Lyciae
830 1920 880 1955 ad
899 1906 1041 1956 unden
1062 1930 1182 1967 prope
1200 1919 1361 1955 Elmalu
1382 1919 1577 1965 (Boni-gl).
1598 1919 1653 1955 Fl.
1673 1919 1766 1955 Mai.

153 1982 199 2018 Bi
216 1982 278 2019 vel
292 1982 553 2030 tripollicaris‚
571 1982 667 2019 folia
685 1983 870 2019 inferiora
888 1994 977 2019 cum
993 1983 1138 2030 petiole
1152 1983 1221 2019 6-8
1237 1983 1364 2019 lineas
1383 1983 1515 2029 longa.
1535 1983 1650 2020 flores
1668 1983 1813 2019 minuti

105 2030 222 2074 tam-3
234 2029 360 2066 lineas
375 2030 495 2076 longi,
509 2030 673 2077 capsula
687 2030 820 2077 calyce
834 2031 1015 2067 involuta
1031 2042 1118 2066 cum
1139 2041 1184 2066 eo
1203 2032 1291 2078 piso
1308 2032 1448 2066 minor.
1463 2031 1604 2066 Affinis
1621 2030 1658 2067 C.
1674 2042 1813 2077 camp-

107 2077 284 2122 tocladae,
306 2077 489 2113 omnihus
517 2079 694 2125 partibus
719 2078 844 2114 multo
864 2079 1003 2123 minor⁷
1029 2078 1209 2126 pedicelli
1228 2078 1402 2124 elongati
1429 2078 1650 2126 capillares‚
1667 2078 1815 2126 calycis

105 2124 258 2161 laciniae
277 2125 416 2161 breves
433 2135 512 2161 non
531 2126 766 2161 acuminatae
785 2125 942 2162 corollae
962 2126 1211 2172 tequilongae.

167 2262 234 2303 93.
270 2261 323 2304 C.
356 2260 632 2304 Balansae
659 2259 820 2316 (Boiss.
845 2265 886 2303 et
907 2261 1117 2314 Haussk.)
1132 2262 1277 2316 patule
1299 2261 1533 2314 hispidum,
1555 2263 1676 2303 caule
1700 2272 1814 2303 nano

108 2323 252 2362 erecto
280 2334 304 2363 a
329 2320 419 2366 basi
441 2319 681 2362 dichotome
705 2332 890 2371 ramoso,
910 2320 1023 2362 foliis
1048 2320 1393 2374 ovato-oblongis
1414 2320 1595 2373 integris
1619 2319 1686 2361 vel
1711 2319 1816 2361 sub—

108 2379 313 2433 repandis
335 2378 616 2421 infe-rioribus
633 2379 937 2433 subpetiolatis
958 2392 1176 2422 ramorum
1203 2379 1654 2434 elliptico-linearibus
1670 2378 1811 2421 acutis

107 2438 500 2482 bracteiformibus.
529 2437 712 2481 floribus
737 2438 928 2480 minimis
953 2440 994 2480 in
1024 2439 1296 2481 dicliotomiis
1319 2442 1361 2481 et
1385 2438 1689 2481 terminalibus
1718 2438 1815 2479 bre-

110 2497 222 2539 viter
264 2496 557 2551 pedicellatis‚
595 2497 757 2551 calycis·
790 2497 955 2540 laciniis
1000 2497 1248 2540 lanceolatis
1288 2497 1536 2551 strigulosis
1578 2496 1815 2540 fructiferis

107 2556 245 2598 auctis
273 2556 616 2611 erecto-patulis,
640 2555 955 2610 appendicibus
983 2556 1325 2609 triangularibus
1355 2557 1458 2599 tubo
1483 2556 1686 2598 obconico
1710 2555 1815 2598 sub—

107 2614 391 2668 longioribus,
404 2613 565 2657 corolla
587 2615 794 2657 tubulosa
819 2618 981 2669 praeter
1008 2616 1128 2658 lobos
1157 2620 1327 2659 erectos
1352 2616 1471 2670 apice
1499 2627 1625 2669 parce
1650 2615 1815 2656 setulo-

109 2685 182 2716 sos
209 2674 371 2727 glabra.
399 2674 574 2727 capsula
600 2676 736 2729 parva
764 2677 945 2717 nutante
976 2679 1040 2725 G).

156 2746 257 2781 Hab.
280 2746 320 2782 in
348 2748 525 2782 arenosis
546 2749 585 2783 et
604 2747 796 2793 glareosis
817 2749 1048 2784 torrentium
1081 2748 1254 2793 regionis
1281 2747 1426 2794 alpinae
1454 2747 1649 2783 inferioris
1668 2747 1816 2782 montis

107 2792 448 2886 gaggmenefflagh
464 2794 729 2842 ‚Cappadociae
748 2795 837 2840 (Bal
849 2797 874 2840 l)
892 2799 930 2831 et
948 2795 1173 2841 Berytciagh
1195 2795 1398 2831 Cataoniae
1416 2794 1640 2839 (Hausskl).
1661 2794 1716 2829 Fl.
1735 2793 1815 2829 Jul.

155 2905 342 2941 plantula
368 2905 651 2952 2-'4-polliearis
672 2905 812 2942 habitu
844 2907 1105 2953 speciminum
1138 2907 1336 2942 minorum
1367 2904 1405 2942 C.
1426 2897 1552 2945 Ενῐνιτῗ,
1586 2905 1700 2940 flores
1733 2904 1814 2948 ΤΛ

107 2952 237 3035 lineas5¹
253 2953 365 2998 longi
394 2953 550 2989 Corolia
568 2956 701 2990 exacte
722 2953 909 2990 tubulosa
932 2955 1063 2999 calyce
1086 2964 1162 2989 non
1190 2954 1368 2996 longiore
1391 2953 1443 2989 ab
1462 2953 1647 2988 affinibus
1670 2952 1815 2987 distin-

108 3008 209 3044 guen
243 3010 276 3035 a.
