2090 3291
247 206 321 242 498
981 210 1225 236 composrrAE.
1754 204 1963 246 Congium„

247 289 410 331 sub-50
434 285 673 329 imbricatis
703 284 755 326 ab
778 283 1060 326 inferioribus
1090 283 1143 324 ad
1169 284 1309 325 media
1335 283 1549 337 elongatis
1578 284 1936 339 oblongo-lanceo

248 348 345 390 latis
369 347 563 388 breviter
583 348 625 386 et
650 343 841 386 tenuiter
859 343 1047 395 spinosis
1065 342 1302 396 adpressis,
1322 337 1609 386 interioribus
1635 345 1771 387 mult-o
1795 347 1962 400 longio-

247 407 372 448 ribus
396 405 668 447 radiantibus
690 401 1034 444 membranaceis
1058 402 1140 442 late
1165 401 1414 445 lanceolatis
1437 402 1698 445 acuminatis
1724 407 1958 458 asperulis.

248 465 494 507 flosculis..
513 495 544 514 .,
579 462 685 504 setis
717 461 941 507 scabridis,
971 461 1163 502 acheniis
1191 461 1456 514 compressis
1494 473 1621 513 parce
1656 464 1967 509 scrobiculatis.

245 524 511 576 subfungose
539 520 813 562 2-3-costatis
839 520 959 572 apice
982 520 1136 562 obtuse
1164 520 1374 561 ⁰2·3-lobis
1412 526 1472 567 26.

291 605 390 641 Hah.
412 607 451 640 in
472 605 614 651 alpinis
635 602 856 647 Affghaniae
877 601 927 636 ad
945 601 1091 636 collum
1111 601 1274 646 Ounaye
1294 601 1577 637 10500’-11000’
1595 603 1759 647 (Grifft).

292 678 427 713 Cauiis
453 677 592 717 elatus,
615 675 708 710 folia
734 674 965 709 intermedia
985 674 1003 708 1
1029 673 1341 719 's2-2-pollicaria
1367 673 1407 708 in
1431 674 1566 720 spinas
1585 674 1649 709 2-3
1669 674 1795 709 lineas
1814 675 1955 721 longas

245 735 475 760 numerosas
502 721 945 758 subsemiverticillatim
981 724 1104 759 secta,
1137 731 1316 755 racemus
1341 721 1636 768 6-9-pollicaris‚
1665 732 1708 757 ca
1741 723 1835 757 itula
1865 723 1955 759 7-10

245 773 425 808 avellana
455 772 703 816 submajora,
732 770 896 804 achenia
921 768 945 803 3
969 767 1094 804 lineas
1114 767 1242 814 longa.
1265 768 1451 803 Acheniis
1471 772 1508 803 et
1531 768 1672 804 habitu
1725 798 1730 803 .
1750 769 1962 807 Actiniam·

243 820 450 855 involucro
469 818 783 854 diversissimam
802 816 917 851 refert

304 961 372 1002 98.
407 960 461 1002 C.
506 957 776 1001 scariosa
816 955 969 1011 (Regel
1005 954 1174 996 Sernen.
1204 955 1358 996 Enum.
1385 967 1426 1008 p.
1464 955 1540 1009 52)
1572 957 1793 1009 perennis.
1831 960 1960 1001 caule

243 1031 454 1062 araneoso
486 1017 668 1071 simplici
702 1017 747 1057 in
781 1026 998 1058 racemum
1034 1015 1214 1056 brevem
1253 1014 1586 1067 approximatim
1623 1016 1951 1071 4-5-cephalum

243 1079 430 1127 abeunti,
466 1078 577 1119 foliis
611 1075 760 1129 rigidis
792 1087 928 1129 supra
963 1073 1125 1126 glabris
1153 1074 1312 1115 subtus
1345 1073 1756 1117 niveo-tomentosis
1787 1080 1830 1117 et
1866 1076 1954 1118 ele-

243 1139 373 1181 vatim
406 1136 623 1183 nervosis,
669 1134 928 1176 radicalibus
941 1163 1093 1182 ......
1118 1132 1301 1174 caulinis
1327 1131 1476 1187 parvis
1517 1130 1714 1186 oblongis
1751 1135 1952 1177 semiam-

245 1197 561 1251 ploxicaulibus
593 1195 781 1236 dentatis
822 1193 959 1246 rigide
996 1192 1206 1245 spinosis,
1244 1192 1445 1244 capitulis
1487 1193 1653 1244 magnis
1693 1192 1952 1236 brevissime

243 1255 547 1310 pedunculatis
596 1252 1030 1306 depresso-globosis
1066 1251 1349 1301 multifloris,
1395 1250 1609 1292 involucri
1663 1251 1950 1304 glabriusculi

245 1316 401 1369 phyllis
441 1315 598 1356 erectis
624 1312 828 1353 coriaceis
854 1311 1048 1353 breviter
1073 1309 1531 1363 oblongo-lanceolatis
1556 1310 1727 1352 linealis
1755 1323 1950 1365 superne

241 1374 446 1417 carinatis
474 1373 519 1415 in
551 1372 722 1427 spinam
755 1370 1030 1417 abeuntibus,
1063 1369 1227 1410 intimis
1263 1368 1531 1422 longioribus
1562 1369 1768 1412 scariosis
1805 1370 1945 1412 niveis

240 1434 514 1476 radiantibus
554 1432 636 1474 late
662 1429 1098 1483 lineari-spathulatis
1132 1428 1429 1480 acutiusculis‚
1461 1428 1652 1471 achcniis
1684 1428 1948 1482 plano-com-

241 1493 425 1548 pressis:
449 1498 506 1538 ΖΔ.

288 1574 388 1609 Hab.
408 1574 447 1608 in
468 1575 495 1607 A
505 1572 680 1617 ffghania
701 1571 832 1615 (Griff.
855 1571 907 1605 N⁰
925 1570 1067 1615 32730.

288 1645 487 1692 Bipedalis
508 1645 568 1679 vel
590 1645 739 1687 elatior,
758 1643 853 1678 folia
871 1641 1026 1677 caulina
1045 1640 1387 1687 sesquipo'llicaria
1404 1641 1426 1674 7
1446 1639 1516 1675 lin.
1541 1640 1630 1675 lata.
1658 1640 1952 1677 Inssorescentia.

243 1697 279 1730 et
299 1692 589 1728 characteribus
609 1691 723 1726 valde
748 1690 877 1725 affinis
907 1689 935 1724 C
970 1698 1184 1724 racemosoe
1208 1687 1336 1723 differt
1362 1687 1467 1722 foliis
1499 1697 1576 1722 non
1603 1688 1783 1723 dissectis
1807 1689 1949 1724 subtus

238 1741 363 1824 izrffllito
378 1738 733 1823 {ggigssiilliEJ-Ji-plo
762 1737 977 1784 majoribus
1004 1736 1194 1771 diametro
1224 1734 1540 1781 bipollicaribus,
1570 1734 1769 1770 involucri
1796 1735 1948 1782 phyllis

299 1935 367 1975 99.
404 1933 458 1976 C.
497 1930 758 1976 Bienerti
798 1928 906 1981 sssge
939 1927 1065 1969 Cous.
1103 1939 1139 1979 p.
1179 1927 1252 1980 27)
1286 1924 1519 1979 perennis,
1560 1923 1757 1966 caulibus
1795 1924 1945 1967 stricte

238 1993 395 2036 crectis
422 1990 693 2044 simplicibus
723 1989 790 2031 vel
815 1987 1009 2030 breviter
1035 1990 1077 2027 et
1107 1997 1230 2038 parce
1263 1983 1446 2025 ramosis
1482 1983 1801 2036 oligocephalis,
1827 1984 1943 2026 foliis

237 2052 443 2096 coriaceis
471 2053 675 2104 utrinque
698 2050 889 2090 tomento
913 2045 1198 2088 arachnoideo
1225 2042 1567 2093 canescentibus,
1596 2042 1758 2084 infimis
1782 2042 1825 2082 in
1846 2041 1946 2082 laci-

236 2112 331 2154 nias
355 2108 760 2153 ovato-lanceolatas
786 2104 1123 2162 pinnatipartitis
1151 2103 1276 2146 valde
1303 2105 1346 2144 ct
1368 2103 1562 2143 breviter
1586 2099 1788 2154 spinosis,
1806 2099 1944 2140 inter-

236 2171 391 2213 mediis
426 2169 623 2220 oblongis
663 2163 1238 2209 cuneum-decurrentibus,
1282 2160 1587 2213 superioribus
1624 2158 1942 2213 paucispinosis

237 2230 434 2276 adnatis,
470 2227 672 2280 capitulis
720 2223 1014 2268 subsolitariis
1065 2219 1367 2274 pedunculatis
1403 2217 1749 2270 ovato-oblongIS
1789 2217 1943 2258 30-35-

236 2290 388 2334 floris,
427 2287 640 2330 involucri
677 2296 803 2339 parce
843 2281 1117 2326 arachnoidei
1159 2279 1317 2334 phyllis
1360 2278 1518 2319 55-60
1558 2279 1676 2319 arcte
1715 2275 1945 2330 adpressis

236 2348 474 2390 imbricatis
509 2346 638 2388 dorso
671 2344 839 2398 asperis
873 2343 926 2384 ab
960 2340 1244 2382 inferioribus
1274 2341 1316 2380 et
1348 2336 1505 2378 mediis
1541 2336 1680 2378 ovatis
1716 2337 1760 2377 et
1793 2337 1947 2376 ovato-

234 2407 431 2458 oblongis
458 2407 501 2448 in
524 2405 743 2458 spinulam
765 2402 940 2443 brevem
969 2399 1221 2452 adpressam
1246 2396 1442 2440 breviter
1463 2394 1685 2450 productis
1707 2393 1760 2435 ad
1787 2393 1939 2435 intima

234 2466 563 2507 membranacea
591 2460 1016 2514 lineari-spathulata
1043 2457 1284 2500 acuminata
1307 2454 1532 2507 elongatis,
1549 2452 1809 2507 receptaculi
1835 2451 1948 2494 setis-

234 2528 400 2568 remote
442 2521 741 2570 denticulatis,
786 2519 978 2562 flosculis
1023 2518 1194 2559 intense
1238 2514 1491 2569 purpureis,
1529 2512 1721 2555 acheniis
1755 2510 1937 2553 minutis

236 2584 417 2626 laevibus
445 2580 791 2635 subcompressis
825 2578 1000 2620 costatis
1034 2575 1292 2618 subbialatis
1329 2573 1450 2626 apice
1477 2571 1693 2615 truncatis
1743 2570 1941 2612 obsolete

231 2643 487 2696 marginatis
526 2649 584 2689 36.

228 2726 368 2819 (BHab
387 2727 445 2808 Filn
462 2724 615 2807 JPersiae
640 2733 748 2770 prov.
768 2721 998 2756 Khorassan
1024 2720 1063 2754 in
1088 2717 1281 2753 montosis
1298 2715 1349 2751 ad
1372 2717 1550 2750 austrum
1580 2713 1690 2749 urbis
1712 2711 1950 2748 Ssebsewar·

282 2776 367 2819 gel)
437 2802 442 2806 .
489 2782 540 2807 un

276 2844 351 2880 Vix
379 2844 541 2891 pedalis,
568 2841 742 2889 capitula
766 2841 841 2876 sub
867 2839 1024 2876 anthesi
1048 2838 1125 2873 fere
1153 2836 1336 2883 pollicem
1364 2834 1484 2879 longa
1504 2834 1697 2868 diametro
1721 2830 1941 2878 semipolli-

229 2893 346 2934 caria,
369 2891 530 2927 achenia
549 2891 568 2925 1
592 2891 632 2934 Ὗ.
654 2890 722 2924 lin.
745 2888 876 2933 longa.
898 2887 1034 2922 Facies
1053 2886 1214 2920 omnino
1242 2883 1280 2919 C.
1298 2880 1572 2919 sem·atuloz‘dzs
1589 2879 1656 2915 sed
1676 2882 1768 2915 seta:
1788 2878 1940 2914 scabrae

229 2942 268 2974 et
283 2939 449 2974 achenia
466 2937 674 2973 dissimilia
693 2936 836 2971 lineam
857 2935 876 2969 1
902 2936 944 2976 'si
960 2933 1095 2978 longa3
1115 2943 1137 2967 a
1159 2932 1202 2967 cl.
1225 2931 1364 2976 Bunge
1382 2929 1419 2966 C.
1437 2927 1647 2965 hololeucae
1663 2926 1940 2974 approximata

230 2986 298 3021 sed
313 2985 484 3032 capitula
502 2984 618 3031 triplo
635 2985 796 3029 majora,
815 2981 955 3029 phylla
973 2980 1090 3016 valde
1109 2977 1331 3015 dissimilia.
