2071 3241
101 212 228 248 Ευαοσ.
834 217 1079 243 COMPOSITAE.
1735 211 1807 248 243

102 305 271 338 ramosa
295 293 426 334 ramis
453 292 725 346 simplicibus
743 291 1015 334 brevissimis
1042 292 1106 333 vel
1134 292 1471 345 subglonierulo
1499 295 1680 336 centrali
1705 309 1804 349 pro-

102 353 223 395 lifere
262 352 517 404 ramulosis,
560 352 673 393 foliis
719 350 1186 405 spatbululo-oblongis
1221 352 1390 394 obtusis
1426 356 1804 398 cano-tomentosis

102 411 324 455 floralibus
351 412 593 463 glomerulo
618 409 900 463 longioribus.
927 409 1123 461 capiiulis
1147 410 1286 451 oratis
1310 411 1348 452 in
1374 412 1637 464 glomerulos
1656 414 1806 456 termi-

103 471 220 513 nales
245 469 509 521 conglobatis
548 469 692 511 rarius
731 468 949 518 solitariis
982 469 1199 510 involucri
1238 470 1396 522 phyllis
1429 475 1470 512 et
1503 472 1640 526 paleis
1673 472 1805 516 dorso

102 528 408 582 glabriusculis
437 528 505 570 vel
529 528 611 570 sub
636 528 833 570 acumine
858 527 1085 581 puberulis
1111 528 1250 568 ovatis
1281 529 1400 582 apice
1428 530 1614 584 abrupte
1640 532 1801 584 patulis

102 591 144 630 et
166 587 437 638 acuminatis,
455 587 726 641 receptaculo
753 587 965 639 elongato,
989 585 1179 629 acheniis
1202 587 1398 630 obovatis
1422 590 1615 642 margine
1640 589 1806 633 minute
1864 604 1865 607 ’

103 646 314 689 scabridis
345 650 412 695 Θ.
460 646 515 687 Ic.
541 645 677 687 Sibth.
703 645 763 687 Fi,
789 646 862 686 Gr.
889 648 915 686 t.
944 647 1041 686 921.
1068 670 1120 674 -
1152 644 1196 686 E.
1216 657 1423 699 pyymoea
1446 648 1566 690 Pers.
1597 648 1701 702 Syn.
1738 650 1805 699 11,

103 719 140 760 p.
166 706 265 746 422.
295 729 347 734 -
380 703 428 745 Ε.
461 703 692 745 υηῑόθίίαία
719 705 881 746 Gaertn.

149 780 252 816 Hah.
277 780 315 815 in
337 780 468 824 aridis,
500 780 639 827 apricis
663 783 699 815 et
719 779 860 824 hyeme
879 779 1092 828 inundatis,
1112 780 1263 815 Graecia
1281 781 1319 815 In
1339 780 1612 828 Peloponneso
1630 782 1809 827 (Simul,

102 827 287 873 Argolide
323 829 468 873 (Sprun
481 829 515 871 1),
551 827 751 872 Zacyntho
786 826 963 871 (Margi),
1004 827 1243 872 Cycladibus
1281 828 1452 872 (Sibai),
1495 828 1595 864 Chio
1637 829 1810 876 (Orphl)‚

101 874 603 967 Pgrtngltssr(kqulllcglgrsess129!),
625 874 811 919 Bithynia
828 874 947 918 (Pest.
970 884 1017 909 ex
1037 874 1224 918 (ji-isch),
1241 875 1353 920 Syria
1375 875 1535 911 littorali
1555 876 1606 912 ad
1624 876 1703 912 Ras
1719 877 1809 912 Bai-

104 986 207 1064 pAr.
238 985 376 1038 Gener.
403 985 525 1030 Regio
546 985 831 1020 mediterranea
860 985 979 1020 totius
1014 985 1182 1032 Europae
1211 989 1249 1021 et
1279 986 1419 1022 Africae
1450 986 1635 1032 borealis,
1668 988 1811 1024 insulae

115 1043 375 1068 ,anarienses

163 1150 201 1190 ⁹2.
235 1148 290 1191 E.
324 1147 757 1191 asterisciflora
790 1147 933 1197 (Pers.
959 1146 1061 1201 Syn.
1088 1148 1141 1198 H,
1167 1161 1205 1201 p.
1229 1149 1335 1202 422)
1363 1148 1549 1202 simplex
1570 1149 1636 1192 vel
1657 1161 1679 1191 e
1702 1150 1810 1192 collo

103 1219 273 1250 ramosa
315 1207 446 1250 ramis
489 1206 760 1260 simplicibus
796 1207 941 1250 rarius
983 1207 1231 1255 ramulosis,
1276 1208 1388 1250 foliis
1439 1207 1811 1261 lineari-oblongis

102 1266 384 1309 acutiusculis
410 1266 795 1308 cano-tomentosis
822 1266 1048 1308 floralibus
1081 1267 1370 1319 glomernlum
1401 1268 1535 1310 multo
1563 1268 1814 1321 superanti-

104 1326 196 1374 bus,
223 1325 424 1379 capitulis
461 1325 600 1367 ovatis
624 1324 667 1367 in
694 1325 960 1378 glomerulos
986 1325 1238 1368 terminales
1275 1325 1555 1379 conglobatis,
1593 1326 1813 1369 involucri

106 1383 262 1440 phyllis
282 1387 325 1426 et
350 1383 484 1438 paleis
503 1383 632 1426 dorso
654 1383 736 1426 snb
755 1383 953 1426 acumine
978 1384 1208 1439 puberulis
1238 1386 1302 1427 vel
1321 1385 1482 1438 glabris
1508 1398 1531 1426 a
1555 1385 1646 1427 basi
1666 1388 1814 1428 ovato-

103 1443 283 1497 oblonga
316 1443 501 1498 abrupte
532 1447 575 1485 et
607 1443 752 1498 patule
776 1443 1048 1496 acuminatis,
1076 1446 1351 1497 receptaculo
1378 1445 1591 1497 elongato,
1620 1445 1811 1487 acheniis

105 1502 302 1546 Ohovatis
330 1503 522 1556 margine
549 1501 743 1544 breviter
765 1502 963 1545 ciliolatis
987 1503 1107 1557 apice
1134 1503 1188 1546 ob
1212 1504 1349 1546 ciliola
1375 1503 1583 1557 utrinque
1608 1503 1814 1546 subelon-

106 1564 199 1615 gata
221 1561 402 1605 bifurcis
432 1566 497 1611 G).
525 1561 580 1603 Ic.
606 1561 723 1603 Lam.
754 1561 813 1603 lll.
840 1562 921 1603 tab.
950 1562 1049 1604 694.

156 1633 256 1670 Hah.
277 1635 318 1670 in
336 1634 506 1671 collibus
524 1634 705 1681 Smyrnae
726 1634 898 1680 (Fleisch
910 1637 947 1681 l),
966 1634 1087 1682 Cypri
1103 1635 1280 1680 Lahilll).

154 1699 217 1735 Ar.
243 1699 378 1744 Geoqr.
405 1698 612 1745 Hispania,
630 1698 823 1734 Sardinia,
842 1697 987 1744 Sicilia,
1005 1699 1138 1735 Africa
1156 1699 1339 1735 borealis

168 1827 206 1868 3.
240 1825 295 1869 E.
322 1828 633 1870 contracta
663 1824 824 1881 (Boiss.
854 1823 1005 1878 Diagn.
1030 1824 1122 1868 Ser.
1152 1825 1185 1877 I,
1213 1826 1279 1876 11,
1302 1837 1341 1878 p.
1370 1825 1415 1879 3)
1441 1824 1603 1867 acaulis
1626 1824 1814 1878 simplex

110 1885 176 1927 vel
190 1885 242 1927 ad
257 1885 414 1928 collum
431 1886 500 1927 1-2
519 1885 700 1927 ramulis
715 1884 1050 1927 ascendentibus
1063 1887 1186 1926 aucta
1201 1885 1411 1937 adpresse
1427 1883 1754 1936 cana,capitulis
1770 1883 1813 1925 in

111 1944 400 1998 glomerulum
433 1944 666 1987 radicalem
690 1943 920 1997 congestis,
946 1944 1059 1987 soliis
1083 1943 1265 1996 oblongo
1292 1943 1355 1985 vel
1387 1942 1814 1997 obovato—spatbula-

111 2003 165 2046 tis
186 2003 231 2045 in
259 2004 463 2057 petiolum
503 2004 626 2057 longe
663 2003 898 2046 attenuatis
926 2003 1187 2057 petiolorum
1221 2002 1389 2056 vaginis
1425 2002 1612 2045 dilatatis
1648 2004 1690 2044 et
1718 2005 1817 2054 post

111 2063 310 2105 anthesin
348 2062 566 2105 induratis
588 2063 879 2116 glomerulum
911 2060 1289 2105 involucrantibus
1316 2073 1454 2116 eoque
1480 2060 1699 2104 multoties
1725 2061 1817 2102 lon-

113 2120 319 2174 gioribus,
346 2122 560 2164 involucri
584 2121 745 2176 phyllis
771 2124 898 2163 extus
927 2123 1021 2164 laxe
1042 2125 1086 2163 et
1109 2121 1233 2173 longe
1257 2121 1409 2163 lanatis
1434 2120 1657 2175 paleisque
1677 2120 1817 2163 ovatis

113 2178 440 2234 abruptiuscule
478 2184 521 2223 et
558 2181 682 2233 longe
722 2180 1186 2224 setaceo-acuminatis.
1224 2180 1415 2222 acheniis
1454 2179 1593 2221 ovatis
1622 2179 1818 2232 undique

117 2239 557 2292 pruinoso-scabridis
584 2244 650 2291 Q).

159 2313 260 2349 Hah.
281 2313 320 2349 in
340 2313 444 2359 agris
460 2313 643 2350 calcareis
660 2314 785 2360 Syriae
807 2324 926 2360 prope
946 2313 1098 2360 Aleppo
1129 2312 1355 2357 (Hausskt),
1387 2311 1518 2347 insula
1536 2311 1667 2358 Cypro
1695 2321 1818 2357 prope

114 2360 286 2397 Larnaca
304 2361 397 2407 (Ky.
414 2360 552 2408 Suppl.
574 2361 690 2405 4761),
712 2362 827 2408 Syria
844 2361 1004 2396 littorali
1023 2361 1073 2395 ad
1092 2359 1268 2407 Tripolin
1289 2359 1399 2403 (ΒΗ),
1417 2358 1616 2394 Palestina
1631 2357 1670 2393 in
1689 2358 1820 2394 deser-

114 2407 162 2443 tis
179 2408 280 2444 Juda
298 2408 466 2453 (Rothi),
494 2409 595 2444 inter
613 2408 653 2444 St
669 2408 775 2444 Saba
802 2411 838 2444 et
868 2419 975 2443 mare
1002 2408 1202 2443 Mortuum
1233 2407 1449 2452 (1{y.491!)
1480 2409 1518 2441 et
1543 2406 1593 2441 ad
1615 2405 1819 2441 meridiem

114 2454 221 2490 Gaza
236 2455 367 2500 (Bois-s
381 2457 420 2500 l),
440 2455 574 2492 Persia
591 2456 754 2492 australi
773 2466 895 2502 prope
906 2454 1338 2499 Dalechi[Ky'.exs,968
1356 2453 1431 2489 sub
1450 2452 1494 2489 E.
1506 2450 1820 2499 asterzsczflord.)

161 2519 298 2554 Affinis
319 2519 363 2554 E.
382 2519 673 2565 astem'scifloroe
690 2519 822 2556 diflert
839 2519 943 2555 soliis
965 2530 1084 2566 supra
1102 2520 1289 2564 vaginam
1311 2518 1523 2553 hasilarem
1543 2517 1703 2553 demum
1722 2516 1820 2553 suh-

115 2565 338 2602 induratam
355 2566 472 2602 valde
488 2567 707 2611 contractis,
727 2567 892 2603 achenio
911 2567 1084 2613 undiquc
1102 2565 1295 2602 scabrido.

179 2689 217 2731 4.
250 2688 306 2731 Ε.
343 2689 655 2734 Anatolica
686 2690 847 2745 (Boiss.
867 2693 910 2732 et
928 2689 1077 2732 Heldr.
1098 2689 1249 2741 Diagn.
1270 2688 1361 2731 Ser.
1383 2687 1416 2737 Ι,
1446 2689 1509 2739 Η,
1528 2700 1568 2741 p.
1589 2685 1635 2742 2)
1657 2686 1822 2739 griseo-

120 2746 254 2789 lanata
285 2749 446 2791 acautis
470 2748 535 2791 vel
566 2749 760 2792 breviter
784 2750 1036 2791 caulesccns
1069 2748 1255 2802 simplex
1276 2748 1344 2789 vel
1370 2746 1533 2801 saepius
1556 2759 1577 2786 a
1606 2746 1714 2788 collo
1739 2746 1822 2787 sub

118 2805 356 2858 glomerulo
383 2807 564 2850 centrali
589 2809 902 2858 famosissima,
937 2807 1049 2850 foliis
1076 2807 1260 2858 oblongo
1287 2807 1358 2848 vel
1395 2805 1820 2847 lineari-lanceolatis

120 2864 255 2907 acutis
279 2866 519 2918 glomerulo
547 2867 714 2921 2-3—plo
743 2866 1025 2919 longioribus,
1057 2865 1258 2919 capitulis
1284 2865 1325 2906 in
1355 2864 1620 2919 glomerulos
1646 2874 1823 2916 conges-

119 2922 188 2975 tis,
228 2923 444 2967 involucri
486 2925 647 2979 phyllis
687 2926 913 2981 paleisque
957 2923 1424 2978 oblongo-spat-hulatis
1465 2922 1824 2977 cymbiformibus

120 2981 321 3026 carinatis
356 2983 445 3027 basi
473 2984 621 3036 glabra
657 2985 898 3038 angustatis
925 2984 1054 3026 dorso
1080 2983 1223 3037 crispe
1250 2983 1404 3025 lanatis
1427 2982 1546 3035 apice
1574 2981 1618 3023 in
1653 2993 1825 3024 mucro-
