2095 3206
226 186 297 223 114
969 189 1189 217 DIPSACEAE.
1744 179 1926 217 Morz'na.

225 271 353 319 hiato,
386 267 614 322 superiore
647 266 780 308 bifido
813 265 1019 308 inferiore
1059 263 1218 307 trifido.
1253 265 1446 308 Stamina
1478 265 1580 308 bina
1610 265 1680 308 vel
1715 268 1934 318 quaterna,

228 329 464 381 didynama
487 327 555 368 vel
576 337 657 380 per
696 325 819 379 paria
847 326 1042 367 connata.
1085 345 1136 352 ——
1169 323 1326 366 Herbae
1350 335 1569 378 perennes
1608 324 1712 366 facie
1747 323 1926 377 Cardia,

227 388 340 430 foliis
366 385 568 428 ternatim
586 383 870 436 verticillatis‚
897 382 1081 425 floribus
1103 383 1150 425 in
1176 382 1414 425 verticillos
1436 383 1641 425 axillares
1673 383 1928 436 aggregatis.

292 510 329 551 1.
363 508 434 550 M.
461 506 701 549 Persica
727 504 746 560 (
748 503 794 546 L.
819 504 891 559 Sp.
918 503 994 558 39)
1018 504 1242 558 perennis,
1263 503 1384 548 caule
1405 517 1554 547 crasso
1586 504 1752 548 sulcato
1785 508 1933 549 erecto

230 566 414 622 simplici
461 566 506 607 in
547 566 746 618 thyrsum
776 563 999 606 verticillis
1042 563 1243 618 plurimis
1283 566 1553 607 constantem
1577 563 1756 606 abeunti
1782 563 1934 616 glabro

231 637 423 681 superne
445 622 922 666 tomentello-villosulo
946 623 1014 664 vel
1038 622 1341 677 glabr-escenti‚
1365 622 1478 665 foliis
1510 622 1715 666 coriaceis
1749 623 1933 667 caulinis

231 684 396 729 ambitu
422 682 669 726 lanceolatis
714 681 1180 735 sinuato-pinnatiiidis
1204 681 1432 736 partitisve
1460 682 1567 724 lobis
1593 680 1805 723 brevibus
1830 681 1938 724 den-

230 745 332 787 tatis
359 744 486 796 longe
523 745 566 784 et
588 741 726 795 rigide
756 740 1162 795 spinoso-aristatis‚
1189 741 1352 783 infimis
1389 741 1433 783 in
1459 741 1669 795 petiolum
1698 741 1934 784 attenuatis

232 802 401 845 caeteris
423 799 651 844 sessilibus
674 800 879 844 ternatim
901 799 972 842 vel
995 800 1287 853 quaternatim
1312 799 1598 842 verticillatis.
1634 798 1748 841 foliis
1774 799 1936 842 florali-

232 862 317 905 bus
342 859 613 903 verticillatis
645 859 737 902 basi
758 858 971 901 concretis
999 859 1139 901 ovatis
1171 858 1563 912 spinoso-aristatis
1585 858 1631 900 in
1653 858 1823 912 spinam
1847 858 1937 901 lon·

233 920 396 974 giorem
418 919 695 967 abeuntibus,
718 918 900 960 floribus
924 917 1179 960 axillaribns
1202 917 1721 971 glomerato-fasciculatis
1758 916 1936 959 subses-

234 978 661 1030 silibus‚involueelli
684 977 843 1019 hirsuti
867 976 1014 1018 aristis
1032 977 1268 1031 majoribus
1284 976 1463 1018 limbum
1483 976 1641 1030 calycis
1661 976 1940 1030 aequantibus

234 1038 303 1082 vel
337 1036 662 1091 superantibus,
693 1035 873 1090 calycini
907 1035 1025 1077 limbi
1053 1035 1176 1077 labiis
1219 1035 1622 1088 obovato-oblongis
1657 1034 1838 1087 integris
1865 1035 1937 1077 vel

234 1095 578 1147 retuso—bilobis,
603 1096 773 1138 corollae
793 1092 950 1148 patulae
974 1094 1256 1149 pubescentis
1272 1095 1376 1138 tubo
1394 1094 1537 1148 calyce
1556 1093 1724 1148 pluries
1742 1093 1937 1146 longiore

234 1157 367 1199 limbo
394 1155 669 1209 inaequaliter
708 1153 935 1204 bilabiato,
974 1153 1233 1196 staminibus
1265 1154 1379 1196 binis
1412 1151 1717 1207 superioribus
1757 1152 1940 1194 anthera

235 1214 366 1268 triplo
394 1214 661 1266 longioribus
689 1213 915 1255 declinatis
940 1212 1102 1261 liberis,
1128 1212 1383 1255 lateralibus
1410 1212 1463 1254 ad
1486 1211 1735 1254 rudimenta
1773 1211 1942 1254 sterilia

237 1273 432 1317 reductis
466 1278 524 1319 26.
572 1271 627 1314 M.
669 1271 907 1314 Orientalis
949 1270 1245 1322 carlinoefolto
1271 1272 1434 1314 Tourn.
1464 1271 1561 1314 Cor.
1586 1270 1692 1324 Voy.
1722 1270 1762 1323 2,
1789 1283 1826 1323 p.
1854 1270 1937 1311 282

236 1333 293 1376 Ic.
318 1357 375 1363 —-
400 1331 538 1375 Sibth.
568 1332 629 1374 Fi.
655 1330 792 1373 Graec.
816 1331 900 1373 tab.
927 1331 996 1372 28.
1023 1353 1078 1361 -
1103 1329 1158 1371 M.
1182 1329 1338 1372 Groeca
1361 1330 1485 1373 Jaub.
1521 1332 1564 1372 et
1590 1328 1662 1382 Sp.
1691 1328 1755 1371 Ill.
1782 1329 1856 1372 Or.
1889 1328 1944 1380 V,

237 1407 278 1447 p.
309 1392 377 1433 32.
403 1415 457 1420 -—
483 1390 538 1431 M.
579 1387 884 1441 Tournefortzfz'
909 1389 1035 1432 Jaub.
1068 1393 1110 1432 et
1141 1389 1212 1443 Sp.
1249 1390 1327 1432 loc.
1361 1391 1428 1431 cit.
1459 1402 1500 1443 p.
1534 1389 1603 1442 31,
1639 1389 1728 1431 tab.
1761 1389 1860 1429 429.
1883 1409 1946 1419 --

237 1450 297 1493 M.
320 1449 514 1492 Anchari
540 1449 665 1493 Jaub.
705 1453 746 1492 et
778 1448 849 1504 Sp.
878 1449 956 1491 loc.
989 1449 1057 1491 cit.
1086 1461 1126 1502 p.
1155 1449 1209 1490 32
1238 1448 1398 1504 (forma
1432 1449 1555 1491 caule
1587 1451 1712 1501 parte
1750 1447 1945 1490 florifera

238 1507 570 1563 glabrescente).

286 1575 387 1611 Hah.
409 1575 447 1609 in
467 1575 623 1610 saxosis
637 1574 809 1620 regionis
828 1575 1028 1609 montanae
1053 1576 1090 1608 et
1107 1573 1343 1621 subalpinae‚
1361 1573 1516 1608 Graecia
1533 1573 1575 1608 in
1596 1572 1776 1617 Taygeto
1787 1571 1943 1616 (Boissr

237 1622 364 1658 Heldr
376 1625 413 1667 l),
428 1621 594 1666 Kyllene
611 1632 732 1669 supra
749 1621 913 1656 Trikala
930 1620 1093 1665 (Heldrl
1111 1620 1230 1667 Orph.
1249 1621 1305 1656 Fl.
1324 1620 1391 1656 Gr.
1410 1630 1487 1656 exs.
1513 1619 1580 1655 101
1596 1621 1633 1663 Β),
1661 1618 1813 1664 Velugo
1832 1617 1950 1653 OEto·

236 1670 302 1705 liae
316 1668 508 1716 (Sprunl),
527 1669 719 1704 Parnasso
737 1668 913 1713 (sibun),
933 1667 1128 1703 Anatoliae
1155 1668 1233 1703 fere
1257 1668 1378 1703 totius
1397 1669 1550 1703 montes
1566 1679 1574 1702 z
1595 1666 1782 1712 Phrygia.
1795 1664 1944 1701 Pisidia

238 1720 276 1753 et
309 1716 509 1762 Lycaonia
539 1716 732 1761 (Tc-hihi),
768 1715 888 1761 Lycia
917 1715 967 1751 ad
999 1714 1160 1751 Elmalu
1179 1716 1371 1760 (Bourgl)
1400 1716 1437 1750 et
1465 1714 1577 1749 Caria
1606 1714 1744 1758 (pini),
1770 1712 1941 1758 Galatia,

241 1763 506 1810 Cappadocia,
525 1763 673 1799 Pontus
691 1762 884 1808 (monim),
900 1763 1055 1797 Taurus
1074 1762 1257 1798 Cilicicus
1287 1761 1425 1806 (Bali),
1457 1761 1634 1796 Libanus
1651 1760 1800 1805 (Ehri),
1823 1770 1946 1807 supra

239 1811 349 1846 Eden
376 1810 557 1855 moissi),
574 1821 694 1857 prope
714 1811 872 1845 Dimam
893 1812 931 1845 et
949 1809 1102 1845 Daunie
1131 1809 1244 1855 (Bit),
1272 1809 1387 1854 Syria
1416 1809 1497 1844 bor.
1516 1810 1554 1844 et
1581 1807 1870 1854 Mesopotamia
1897 1806 1948 1843 ad

239 1857 386 1894 Aintah
396 1861 433 1893 et
466 1858 534 1893 Bir
565 1857 740 1902 (Haussk
753 1859 790 1902 1),
825 1857 873 1892 ad
907 1856 1056 1892 Suerek
1080 1856 1220 1902 (Kyl)‚
1247 1855 1434 1892 Armenia
1464 1855 1627 1892 ancica
1658 1855 1708 1890 ad
1742 1854 1950 1898 Erzerum,

239 1905 410 1950 (Tournl
429 1905 555 1941 Auchi
572 1905 721 1950 Huet!)‚
742 1905 791 1940 ad
812 1905 959 1939 Baihut
976 1904 1170 1948 (Bourgl),
1186 1904 1318 1940 Persia
1336 1913 1457 1950 prope
1476 1902 1649 1949 Ispahan
1670 1902 1813 1947 (Auch.
1832 1901 1949 1946 7541),

240 1954 278 1988 et
295 1951 479 1988 australis
512 1953 552 1987 in
584 1956 714 1988 monte
742 1951 832 1987 Kuh
854 1951 956 1987 Delu
982 1951 1072 1997 (Ky.
1096 1951 1213 1996 7490,
1236 1952 1278 1987 in
1305 1950 1506 1986 montibus
1525 1949 1702 1985 Eschker
1732 1951 1772 1985 et
1790 1948 1948 1984 Sawers

241 1999 421 2045 (Haussk
434 2002 473 2043 l).
492 1999 547 2035 Fl.
565 1999 642 2035 Jul.
657 2001 756 2045 Aug.

289 2054 429 2090 Planta
463 2054 727 2100 pulcherrima
760 2054 863 2090 foliis
899 2054 988 2101 plus
1021 2054 1154 2089 minus
1184 2053 1376 2100 profunde
1401 2052 1546 2088 Iobatis
1566 2054 1604 2088 et
1621 2051 1739 2097 longe
1759 2050 1952 2091 aristatis,

243 2102 389 2147 calycis
406 2102 525 2137 labiis
544 2102 706 2148 integris
736 2102 800 2136 vel
821 2101 1118 2137 retuso-bilobis
1139 2101 1334 2136 interdum
1370 2099 1657 2139 mucronulatis
1688 2099 1849 2134 varians
1879 2097 1949 2134 sed

244 2149 486 2231 {haracteres
503 2149 606 2185 firmi
634 2149 846 2195 nequidem
861 2150 915 2186 ad
936 2149 1144 2184 varietates
1162 2148 1438 2195 proponendas
1468 2147 1622 2182 adsunt.
1641 2146 1801 2183 Coi-olla
1821 2144 1953 2192 bipol-

263 2207 387 2232 learns.

305 2309 344 2350 2.
377 2308 446 2350 Μ.
481 2308 930 2351 Lehmanniana
963 2306 1071 2362 (Bge
1093 2307 1157 2349 Pl.
1184 2306 1330 2350 Lehm.
1363 2319 1405 2361 p.
1439 2306 1547 2361 321)
1577 2307 1798 2360 perennis,
1829 2306 1953 2349 caule

243 2370 387 2410 erecto
411 2366 522 2410 elato
548 2367 715 2409 inferne
730 2367 881 2420 glabro
899 2370 1023 2421 parte
1049 2365 1240 2408 florifera
1259 2364 1411 2408 villoso
1429 2366 1474 2407 in
1491 2367 1691 2420 thyrsum
1726 2365 1954 2408 verticillis

244 2427 319 2467 4-5
347 2427 527 2468 remotis
551 2428 817 2469 constantem
844 2425 1034 2478 abeunti,
1063 2424 1174 2468 foliis
1201 2424 1485 2467 inferioribus
1511 2424 1716 2467 coriaceis
1740 2424 1955 2477 elongatis

244 2483 483 2527 linearibus
518 2485 561 2527 in
595 2485 716 2528 lobos
755 2496 1015 2527 numerosos
1044 2484 1237 2527 breviter
1273 2482 1564 2536 triangulares
1591 2483 1731 2526 valide
1766 2483 1957 2537 3-5-spi-

244 2555 375 2586 nosos
410 2544 694 2597 pinnatifidis,
730 2542 1105 2586 foliis-floralibus
1142 2542 1353 2598 quinatim
1379 2542 1648 2584 verticillatis
1676 2542 1859 2594 oblongo
1883 2542 1954 2585 vel

243 2603 649 2645 ovato-acuminatis
673 2603 866 2656 margine
889 2605 931 2645 et
953 2602 1073 2656 apice
1101 2602 1227 2656 longe
1251 2601 1455 2655 spinosis,
1477 2601 1659 2643 floribus
1697 2600 1955 2644 axillaribus

243 2662 493 2703 numerosis
541 2661 1076 2714 glomerato·fasciculatis,
1126 2659 1377 2704 involucelli
1427 2660 1759 2702 sericeo-villosi
1807 2659 1958 2703 aristis

243 2720 359 2762 binis
398 2720 634 2773 majoribus
677 2720 986 2763 involucellnm
1023 2719 1301 2773 {aquantibus
1332 2719 1502 2761 caeteris
1524 2718 1748 2769 brevibus,
1773 2718 1957 2771 calycini

243 2778 364 2820 limbi
413 2778 539 2821 labiis
588 2779 961 2832 lIneari-oblongis
1007 2778 1192 2831 integris
1251 2778 1323 2819 vel
1367 2776 1563 2820 breviter
1612 2776 1962 2826 retuso-bilobis,

244 2838 417 2879 coreliae
444 2838 587 2891 calyce
612 2837 971 2892 sesquilougioris
996 2836 1102 2879 tubo
1128 2837 1277 2891 patule
1302 2836 1456 2879 villoso
1481 2835 1613 2877 limbo
1644 2835 1960 2888 subaequaliter

246 2895 467 2947 iiilabiato,
484 2897 743 2939 staminibus
768 2897 881 2939 binis
905 2896 1131 2939 declmatis
1157 2894 1320 2948 liberis,
1348 2894 1581 2937 lilamentis
1604 2895 1797 2937 antherae
1820 2893 1956 2949 {equi-

246 2955 404 3008 longis,
432 2955 684 2998 lateralibus
711 2955 763 2997 ad
792 2955 1040 2998 rudimenta
1064 2955 1259 2998 reductis
1292 2960 1354 3002 26.
