2071 3241
76 211 290 250 Anthemis.
796 219 1043 257 composrrAE.
1705 207 1775 246 301

75 292 211 335 conici
234 291 369 346 paleis
390 290 586 344 oblongis
604 291 823 344 carinatis,
840 291 986 345 ligulis
1006 291 1116 333 albis
1136 288 1333 343 oblongis
1352 288 1470 331 disco
1492 289 1777 342 longioribus,

73 350 264 394 aclieniis
284 350 417 392 calvis
432 350 473 391 ἶ),
493 380 502 388 .
522 380 533 390 .
555 381 564 389 .
598 354 663 400 Θ.
687 348 738 392 Α.
757 348 972 391 australis
988 348 1050 391 ΡΙ.
1070 348 1206 392 Graec.
1226 347 1302 401 IX,
1328 361 1353 403 p
1386 349 1457 401 67,
1479 350 1563 393 tab.
1587 349 1672 391 886
1688 360 1777 390 non

77 410 224 451 Willd.

122 482 221 517 Hah.
241 482 280 517 in
301 482 509 517 maritimis
539 481 681 517 insulae
713 480 833 528 Cypri
864 481 1036 526 (Sibth.)
1068 481 1154 517 Non
1184 481 1278 517 vidi.
1310 481 1369 517 Ex
1400 481 1512 519 leone
1540 483 1578 516 et
1595 481 1777 526 diagnosi

71 528 364 575 Sibthorpianis
385 529 583 575 descripsi.
605 528 722 564 Deest
742 530 780 563 in
799 528 978 564 herberio
995 528 1288 575 Sibthorpiano.

120 593 260 629 Planta
279 593 511 640 pedunculis
530 593 690 628 tandem
709 592 925 628 recurvatis
946 592 995 628 A.
1014 592 1213 629 Creticam
1230 593 1402 629 referens
1420 592 1489 628 sed
1508 592 1671 635 radiata,
1688 602 1714 628 a
1730 593 1774 631 cl.

74 640 199 676 Lindi.
220 640 290 675 loe.
302 640 363 675 cit.
381 650 451 686 pro
470 639 517 675 A.
533 637 837 676 secunda-amec}
856 639 1004 684 habita,
1019 639 1088 676 sed
1104 639 1187 675 haec
1201 640 1438 676 observante
1455 640 1576 691 priori
1592 639 1772 675 cl.Moris

72 686 129 722 Fl.
160 686 308 722 Sardoa
329 687 372 730 11,
401 697 438 733 p.
472 687 543 723 413
571 686 689 733 longe
722 687 852 722 differt
882 686 1068 722 foliorum
1089 687 1244 722 laciniis
1275 686 1458 732 oblongis
1493 687 1555 723 vel
1588 686 1774 722 obovatis

70 733 236 770 obtusis.
255 734 428 770 Acheuia
446 734 485 768 in
502 735 612 769 icone
627 733 737 769 calva
757 733 941 769 videntur
955 733 1024 770 sed
1043 734 1213 770 affinitas
1228 734 1370 781 speciei
1385 734 1509 770 donec
1525 744 1662 769 rursus
1676 734 1777 770 lecta

71 780 123 816 sit
143 781 302 816 incerta.

132 896 199 937 46.
239 895 295 938 A.
330 894 680 938 umbilicata
713 895 873 950 (Boiss.
913 898 956 937 et
995 894 1110 937 Huet
1148 894 1300 948 Diagn.
1340 895 1433 938 Ser.
1467 894 1521 947 ΙΙ,
1550 896 1591 945 3,
1627 908 1670 950 p.
1699 895 1775 950 24)

68 955 280 1007 adpresse
318 954 567 1005 canescens,
594 955 792 996 caulibus
826 954 1073 996 numerosis
1104 953 1304 1007 rigidulis
1335 953 1539 996 omnibus
1565 954 1772 997 floriferis

71 1012 246 1067 pumilis
280 1012 636 1055 subdivaricatim
674 1013 872 1058 ramosis.
902 1012 1016 1054 soliis
1042 1012 1262 1067 petiolatis
1299 1011 1464 1055 ambitu
1502 1013 1702 1066 oblongis
1728 1013 1770 1056 in

70 1070 244 1112 lacinias
269 1084 424 1125 parvas
451 1071 606 1114 breves
631 1071 889 1114 divaricatas
917 1071 1316 1124 oblongo-lineares
1343 1072 1616 1126 spathulalas
1644 1072 1770 1114 obtu-

69 1141 140 1172 sas
160 1129 604 1183 subbipinnatisectiS,
625 1131 825 1183 capitulis
850 1131 971 1183 longe
992 1130 1297 1184 pedunculatis
1321 1129 1615 1174 mediocribus
1634 1130 1769 1172 umbi-

68 1187 220 1239 licatis,
246 1189 459 1230 involucri
487 1189 678 1242 crispule
702 1189 804 1232 hirti
827 1189 988 1244 phyllis
1012 1187 1184 1242 pallidis
1207 1189 1404 1232 externis
1425 1188 1771 1243 triangularibus

69 1247 351 1290 acutiusculis
378 1248 561 1291 internis
588 1249 727 1290 ovalis
754 1249 937 1300 obtusis,
964 1247 1108 1301 ligulis
1133 1247 1242 1290 albis
1268 1248 1406 1290 ovatis
1437 1246 1636 1290 diametri
1665 1248 1772 1290 disci

69 1306 205 1348 multo
232 1306 524 1359 brevioribus,
548 1307 821 1362 receplaculo
841 1306 1186 1360 hemisphaerico,
1210 1307 1403 1349 acheniis
1427 1307 1536 1349 albis
1561 1306 1771 1349 brevibus

67 1366 680 1408 costato-sulcatisturbinatis
705 1366 897 1419 margine
920 1370 1104 1419 angusto
1124 1364 1329 1417 lobulato‚
1351 1365 1647 1409 exterioribus
1667 1365 1775 1408 sub-

69 1424 357 1466 crassioribus
384 1424 622 1477 tetragonis
650 1424 719 1479 Θ.

69 1543 101 1579 B
115 1496 215 1580 Hlabt.
238 1498 284 1590 (ig
317 1499 421 1581 vallle
441 1498 642 1534 Kassuklu
662 1499 858 1535 Armeniae
875 1498 1049 1534 Turcieae
1078 1498 1249 1544 (Huetl),
1277 1497 1318 1533 in
1337 1498 1442 1534 arvis
1467 1498 1626 1535 incultis
1647 1508 1770 1546 prope

105 1554 142 1579 a1
174 1555 197 1580 u
289 1551 425 1591 ourg).

113 1601 384 1647 semipedalis,
415 1602 591 1637 rhizoma
620 1601 847 1637 induratum
879 1601 948 1637 sed
979 1601 1125 1637 surculi
1152 1601 1304 1637 steriles
1334 1600 1433 1636 nulli
1451 1602 1489 1636 et
1506 1601 1594 1638 ideo
1616 1601 1771 1637 biennis

65 1646 229 1692 videtur⁷
242 1649 414 1695 capitula
425 1650 480 1684 eis
492 1649 543 1684 A.
557 1648 732 1686 aroensis
744 1649 913 1693 minora;
929 1650 1079 1695 species
1091 1648 1226 1694 ligulis
1240 1648 1431 1684 brevibus
1442 1649 1572 1684 ovatis
1585 1649 1764 1695 insignis.

127 1763 195 1803 47.
230 1762 290 1806 A.
328 1763 607 1806 arvensis
628 1761 693 1819 (L.
721 1762 791 1817 Sp.
821 1762 954 1818 1261)
977 1764 1187 1817 adpresse
1209 1763 1453 1816 pubescens
1477 1764 1768 1817 cinerascens,

64 1821 263 1864 caulibus
287 1835 310 1864 a
334 1822 442 1865 collo
469 1822 668 1875 pluribus
696 1822 895 1874 ramosis,
936 1822 1047 1864 soliis
1084 1822 1251 1865 ambitu
1288 1820 1486 1876 oblongis
1513 1822 1556 1863 iu
1593 1821 1768 1866 lacinias

65 1884 272 1933 angustas
297 1881 677 1923 lineari-cuneatas
696 1883 843 1924 acutas
867 1881 1358 1935 subbipinnatiparlitis,
1377 1881 1636 1935 pedunculis
1650 1882 1769 1924 elon·

64 1939 175 1991 galis
203 1939 376 1981 demum
400 1940 501 1994 plus
526 1939 669 1981 minus
701 1940 971 1990 incrassatis,
994 1940 1209 1983 involucri
1243 1940 1402 1982 hirsuti
1429 1940 1585 1993 phyllis
1620 1943 1768 1983 ovato-

64 1997 261 2050 oblongis
289 2000 425 2041 exter.
449 1999 586 2042 acutis
611 1999 779 2042 caeteris
804 1997 974 2041 obtusis
1001 1999 1122 2052 apice
1145 2000 1229 2042 late
1255 1994 1473 2049 scariosis‚
1503 1999 1765 2052 receptaculi

66 2055 420 2109 elongato-conici
443 2057 579 2110 paleis
609 2057 856 2100 lanceolalis
883 2057 1090 2101 carinatis
1114 2058 1158 2099 in
1182 2069 1435 2101 mucronem
1460 2057 1649 2110 rigidum
1678 2057 1766 2100 dis-

64 2124 163 2157 cum
207 2119 487 2169 superantem
531 2116 800 2170 subabrupte
834 2116 1085 2165 attenuatis,
1122 2116 1271 2170 ligulis
1311 2116 1507 2159 femineis
1547 2115 1765 2171 ellipticis,

66 2172 347 2216 flosculorum
376 2175 481 2217 tubo
505 2175 632 2217 tereti
666 2175 758 2218 basi
792 2175 1047 2228 incrassato,
1080 2175 1271 2219 aclieniis
1301 2174 1766 2229 turbinato-quadran-

64 2231 178 2284 gulis
205 2232 381 2276 sulcatis
413 2233 596 2276 laevibus
631 2233 924 2277 exterioribus
956 2234 1248 2277 crassioribus
1270 2234 1431 2284 annulo
1459 2233 1625 2277 tumido
1650 2244 1766 2287 saepe

64 2290 262 2333 radiatim
286 2292 621 2346 rugoso-plicato
640 2292 924 2335 interioribus
942 2292 1136 2344 margine
1152 2292 1277 2336 brevi
1293 2296 1419 2336 acuto
1435 2291 1678 2337 terminatis
1698 2296 1763 2344 Ε).

68 2346 123 2390 Ic.
148 2348 273 2392 Selik.
297 2355 327 2393 t.
361 2351 424 2392 19.
451 2375 508 2380 -
531 2350 662 2393 Rehb.
687 2352 772 2393 tab.
804 2351 928 2394 1004.
950 2375 1001 2382 —
1031 2350 1081 2393 A.
1103 2351 1291 2405 agrestis
1315 2351 1468 2395 Wallr.
1493 2349 1644 2394 Sched.
1665 2351 1764 2393 484.

66 2430 118 2437 —
148 2407 198 2448 A.
226 2408 496 2450 multia-aulis
517 2409 656 2453 Boiss.
681 2411 722 2453 et
747 2409 894 2452 Heldr.
923 2410 1024 2454 Ms's.
1055 2435 1101 2441 —
1134 2408 1185 2452 A.
1213 2410 1467 2453 incrassata
1490 2409 1645 2454 Loisel.
1666 2408 1763 2453 Not.

69 2466 150 2508 199
173 2466 330 2520 (forma
356 2468 603 2523 pedunculo
628 2468 787 2512 fruetis.
815 2469 950 2522 magis
976 2470 1252 2525 incrassato).

113 2540 213 2576 Hah.
232 2541 272 2576 in
295 2542 410 2578 cultis
436 2542 655 2589 praesertim
687 2544 897 2587 montanis,
927 2543 1224 2591 Peloponnesus
1245 2543 1285 2579 in
1315 2543 1515 2580 montibus
1545 2542 1703 2579 Malevo
1728 2544 1766 2580 et

67 2586 233 2632 Kyllene
246 2588 474 2625 :moe-400&
495 2589 631 2636 (Orph.
652 2590 708 2626 Fi.
726 2591 792 2626 Gr.
808 2601 889 2625 exs.
910 2590 998 2627 279¹
1018 2594 1057 2627 et
1073 2590 1191 2637 7841),
1209 2591 1360 2636 Velugo
1374 2590 1533 2626 OEtoliae
1551 2591 1590 2626 in
1605 2591 1764 2635 regione

65 2643 152 2681 sup,
174 2635 294 2679 (Sam.
310 2639 347 2672 et
364 2637 533 2681 Guium),
555 2637 787 2673 Macedonia
807 2638 846 2673 in
863 2640 997 2673 monte
1015 2637 1213 2674 Korthiati
1231 2638 1406 2685 (Orphl),
1426 2637 1604 2683 Byzantii
1619 2637 1765 2681 (Noai).

65 2681 250 2717 Anatolia
268 2683 416 2728 (No'e'l)‚
429 2684 584 2720 Taurus
600 2685 780 2720 Cilicieus
799 2684 930 2730 (Kyl)‚
948 2685 1111 2722 Rhodus
1129 2684 1330 2731 (Romal),
1343 2686 1522 2720 Armenia
1539 2693 1659 2731 prope
1677 2682 1765 2719 Bai-

66 2726 136 2763 hut
153 2728 319 2775 (Hoetu,
338 2730 483 2766 Tauria
497 2734 534 2767 et
554 2741 666 2779 prov.
688 2731 912 2767 Caucasieae
935 2732 1077 2777 (MR).

111 2792 154 2828 In
176 2792 320 2839 plantis
338 2794 606 2831 Orientalibus
627 2794 838 2842 pedunculi
853 2795 1041 2832 fructiferi
1057 2795 1204 2842 saepius
1219 2794 1308 2843 plus
1327 2795 1458 2831 minus
1475 2794 1691 2830 incrassati.

110 2855 177 2891 Ar.
201 2856 331 2902 Geoqr.
360 2857 516 2905 Europa
534 2858 665 2894 omnis
682 2859 834 2895 areticis
849 2860 1033 2906 exceptis,
1051 2859 1183 2895 Africa
1201 2858 1385 2895 borealis.

125 2970 193 3012 48.
227 2971 288 3014 A.
328 2973 677 3024 tenuisecta‚
710 2973 920 3027 adpresse
958 2973 1202 3028 pubescens
1242 2974 1408 3028 grisea,
1452 2973 1572 3017 caule
1616 2976 1762 3017 erecto
