2095 3206
221 172 294 208 112
933 177 1213 204 VALERIANEAE.
1640 166 1904 205 Valcrzanella
1911 197 1920 205 .

220 267 337 309 saepe
363 253 636 307 inaequaliter
663 250 807 293 bifidis
832 248 1252 292 uncinato-aristatis
1279 252 1343 299 Ε).
1376 248 1417 291 V.
1444 247 1664 290 dc'scoz‘dea
1684 248 1798 291 Lois.
1826 247 1924 292 Not.

227 315 322 355 148.
351 314 405 355 Ic.
427 312 548 354 Krok
572 310 656 353 tab.
681 309 752 362 IV,
775 309 845 361 fig.
876 309 1014 350 31-
1052 305 1091 349 V.
1110 307 1299 349 Locusta
1324 319 1418 348 var.
1445 306 1663 348 discoidea
1683 307 1732 349 L.

270 394 371 429 Hab.
391 395 431 429 in
450 393 565 428 cultis
593 390 844 426 inferioribus
865 393 903 425 et
917 388 1094 424 herbidis
1113 388 1323 433 montanis,
1342 378 1496 423 Graecia
1513 388 1554 424 in
1571 389 1710 432 Attica,
1729 387 1928 434 Argolide,

223 440 394 488 Laconia
409 440 574 486 (Sprunl
590 438 703 473 Boiss
715 439 752 482 l),
767 438 873 482 regio
901 435 1096 483 superiori
1112 435 1257 470 montis
1277 434 1407 470 Onion
1418 434 1579 470 Baeotiae
1595 435 1767 470 etOEnos
1777 435 1930 481 Cepha-

224 487 342 522 loniae
376 487 517 531 (Heldr
532 487 570 530 ll,
602 485 721 520 Creta
756 483 922 528 (Bauli),
957 481 1242 528 Archipelagus
1279 481 1413 527 (Oliv.,
1434 482 1554 527 Urv-J,
1576 482 1756 528 Byzantii
1774 482 1926 528 (Noel),

224 534 403 580 Smyrnae
426 533 516 577 (Bal
528 534 564 577 l),
583 532 624 567 in
639 532 816 566 Caucaso
836 530 1009 565 indicata
1023 530 1091 565 sed
1108 529 1224 564 valde
1242 528 1375 564 dubia.

271 608 334 642 Ar.
357 607 493 651 Geoqr.
521 605 681 650 Europa
712 601 897 638 australis
916 611 940 637 a
957 600 1090 637 Gallia
1107 600 1392 636 mediterranea
1425 600 1476 635 ad
1508 600 1764 645 Dalmatiam,
1798 599 1928 636 Africa

225 652 407 696 borealis,
426 651 598 687 Madera.

284 787 352 827 40.
387 785 449 826 V.
488 781 831 826 obtusiloba
856 780 1180 835 (Boiss.Diagn.
1209 778 1302 821 Ser.
1328 778 1357 828 Ι,
1391 779 1430 829 3,
1448 792 1485 831 p.
1514 777 1590 832 59)
1612 777 1781 820 inferne
1793 778 1930 831 pube-

224 845 336 895 ruIa,
360 842 480 885 caule
506 853 697 896 superne
722 840 978 890 dicliotomo‚
1000 838 1114 880 foliis
1146 837 1427 880 inferioribus
1452 836 1710 890 spathulatis
1746 837 1928 889 integris

224 903 294 945 vel
329 902 516 944 dentatis
557 899 860 954 superioribus
906 896 1145 940 linearibus
1191 896 1373 949 integris
1412 895 1481 939 vel
1514 895 1607 937 basi
1643 894 1927 949 pinnatisfflis,

224 961 425 1015 capitulis
450 958 700 1015 paucifloris
727 958 860 999 dense
887 956 1094 1010 globosis2
1126 955 1311 998 bracteis
1344 953 1688 996 membranaceis
1715 954 1928 996 orbicula-

224 1020 281 1062 tis
308 1019 489 1072 magnis,
512 1019 657 1060 fructu
682 1016 865 1059 deciduo
898 1014 1295 1066 obconico-trigono
1329 1013 1481 1055 villoso
1506 1012 1647 1054 antice
1669 1015 1711 1054 et
1737 1023 1929 1065 superne

224 1077 390 1121 foveola
414 1076 728 1129 obtriangulari
746 1074 901 1127 obsito,
921 1073 1075 1117 loculis
1102 1073 1326 1116 sterilibus
1348 1072 1479 1115 fertili
1504 1071 1830 1126 subaequalibus
1857 1071 1928 1114 vel

224 1136 466 1189 latioribus,
499 1135 657 1189 calycis
689 1134 819 1175 limbo
855 1133 1185 1175 membranaceo
1210 1131 1365 1174 eximie
1400 1130 1627 1174 reticulato
1668 1132 1807 1172 rotato
1831 1143 1930 1184 cap-

224 1196 319 1238 sula
356 1194 703 1249 sesquilongiore
751 1195 794 1235 et
835 1191 1053 1235 multoties
1103 1191 1255 1233 latiore
1292 1190 1410 1233 intus
1448 1190 1618 1231 hirsuto
1653 1188 1705 1231 ad
1738 1188 1930 1230 medium

223 1253 599 1297 sinuato-sexlobo
623 1253 732 1295 lobis
767 1250 1262 1303 ovato-triangularibus
1299 1249 1468 1292 obtusis
1503 1247 1624 1302 apice
1651 1248 1930 1290 3·5-uncinu·

224 1313 602 1356 lato-mucronatis
645 1315 709 1362 Θ.
755 1310 813 1352 Ic.
857 1310 979 1352 Krok
1026 1309 1111 1351 tab.
1141 1308 1212 1361 IV,
1263 1308 1332 1362 fig.
1362 1309 1430 1350 38.
1476 1332 1529 1338 —
1573 1306 1707 1349 Fadia
1746 1307 1931 1348 wer-vata

225 1373 401 1414 Hochst.
426 1375 469 1413 et
494 1371 554 1414 St.
580 1371 625 1412 in
647 1370 830 1412 Fleiscb.
858 1381 949 1411 exs.

273 1456 375 1491 Hal).
398 1457 436 1490 in
457 1454 562 1489 valle
581 1454 768 1489 Giacomo
791 1452 841 1487 ad
860 1451 1009 1487 radices
1027 1450 1172 1486 montis
1188 1449 1332 1485 Kerata
1349 1459 1470 1496 prope
1484 1448 1646 1485 Eleusin
1661 1449 1798 1484 Atticae
1816 1448 1932 1483 raris-

225 1504 324 1539 sime
340 1503 480 1549 (Heldr
493 1504 529 1545 ll,
556 1501 687 1536 insula
705 1500 802 1535 Chio
820 1498 946 1545 (Orph
962 1500 1000 1542 l),
1029 1497 1169 1533 Rhodo
1193 1497 1244 1532 ad
1262 1497 1435 1532 Trianda
1450 1495 1645 1541 (Boni-gl),
1666 1496 1762 1531 Asia
1780 1495 1930 1531 minore

223 1551 354 1595 (Auch
391 1550 484 1584 2070
499 1550 536 1592 l).
556 1549 595 1583 in
614 1547 784 1583 collibus
799 1546 979 1591 Smyrnae
994 1545 1042 1580 ad
1062 1544 1292 1579 Bournabat
1309 1543 1502 1588 (Fleisch.‚
1523 1543 1610 1578 Bal.
1631 1542 1751 1587 2301),
1770 1542 1930 1578 umbro-

223 1598 278 1632 sis
295 1597 431 1633 Cadmi
452 1607 569 1642 supra
592 1594 779 1630 Denisleh
803 1594 843 1628 in
865 1592 980 1628 Caria
999 1592 1175 1636 moissi),
1192 1602 1316 1637 prom.
1331 1591 1461 1636 Alaya
1480 1589 1731 1637 Pamphyliae
1748 1589 1928 1635 (Helela),

222 1644 329 1680 valle
349 1643 556 1688 Bargoutie
579 1642 719 1677 Libani
747 1651 867 1687 supra
883 1639 1071 1675 Sidonem
1093 1638 1208 1684 (ΒΗ).

271 1718 424 1754 Corona
445 1716 623 1762 calycina
643 1715 817 1750 maxima
830 1713 948 1748 diam.
966 1712 1031 1748 4-4
1045 1713 1086 1753 Ἀ
1110 1711 1179 1746 lin.
1194 1710 1283 1746 lata.

282 1860 351 1900 41.
376 1857 437 1899 V.
471 1854 769 1899 vesicaria
796 1851 966 1908 (Willd.
997 1851 1070 1906 Sp.
1104 1852 1135 1904 Ι,
1163 1864 1202 1905 p.
1235 1852 1329 1903 183,
1352 1850 1434 1892 sub
1478 1846 1725 1903 Valeriana)
1755 1848 1926 1891 inferne

221 1917 414 1961 tenuiter
438 1915 682 1970 pubescens
711 1916 753 1954 et
769 1910 959 1954 ciliatula
981 1925 1004 1954 a
1029 1910 1123 1953 basi
1146 1910 1215 1952 vel
1248 1921 1439 1963 superne
1456 1911 1625 1951 tantum
1657 1907 1928 1950 divaricatim

223 1988 410 2027 ramosa,
457 1974 570 2016 foliis
608 1976 773 2015 remote
811 1970 999 2013 dentatis
1044 1968 1317 2012 intermediis
1353 1968 1445 2010 basi
1489 1979 1603 2021 saepe
1644 1966 1929 2021 pinnatisidis,

221 2035 360 2089 cymis
384 2032 635 2088 paucifloris
653 2031 850 2085 capitatis
875 2029 1051 2072 demum
1083 2028 1286 2082 globosis,
1319 2027 1503 2069 bracteis
1537 2025 1710 2079 oblique
1740 2024 1929 2067 cordatis

223 2091 567 2136 membranaceis
590 2090 758 2139 ciliatis,
788 2089 931 2131 fructu
956 2088 1151 2131 breviter
1178 2086 1381 2133 obconico
1403 2086 1557 2127 villoso
1572 2084 1710 2126 antice
1735 2084 1789 2125 ad
1804 2083 1928 2125 basin

225 2153 347 2195 limbi
369 2151 535 2193 l'oveola
561 2148 795 2192 orbiculari
839 2147 994 2200 obsito,
1031 2146 1182 2189 loculis
1209 2144 1432 2187 sterilibus
1456 2143 1589 2187 fertili
1620 2143 1834 2197 aequilatis
1861 2141 1930 2184 vel

224 2210 453 2254 latioribus
482 2209 617 2262 septis
658 2207 925 2250 transversis
960 2206 1180 2249 interdum
1218 2203 1449 2258 bipartitis,
1478 2202 1635 2256 calycis
1661 2201 1791 2244 limbo
1815 2201 1930 2244 vesi-

223 2271 339 2312 cario
364 2266 712 2322 globoso-inflato
739 2266 930 2308 tenuiter
960 2264 1187 2308 reticulato
1218 2263 1434 2317 puberulo
1469 2261 1647 2315 capsula
1670 2260 1863 2313 longiore
1886 2262 1929 2303 et

223 2330 377 2372 latiore
402 2329 522 2381 apice
540 2329 691 2380 aperto
714 2328 756 2367 et
779 2324 1027 2368 umbilicato
1046 2323 1250 2366 dentibus
1260 2333 1338 2364 sex
1353 2321 1500 2375 parvis
1516 2320 1932 2373 triangulari-subu-

222 2388 320 2431 latis
347 2388 589 2429 introrsum
612 2384 785 2426 inflexis
816 2387 881 2434 Θ.
916 2383 952 2424 V.
970 2381 1187 2425 vestem-sia
1210 2381 1371 2423 Maench
1394 2380 1522 2422 Meth.
1551 2380 1649 2420 493.
1676 2403 1727 2409 -—
1768 2378 1826 2421 Ic.
1865 2378 1928 2421 Fl.

224 2445 359 2489 Graec.
403 2445 488 2489 tab.
538 2446 607 2486 34.
650 2468 697 2473 —
746 2443 866 2485 Krok
901 2446 931 2484 t.
969 2442 1039 2492 IV,
1081 2442 1151 2494 lig.
1181 2440 1248 2482 39.
1283 2463 1341 2469 —-
1393 2438 1430 2481 V.
1467 2439 1658 2482 Locusta
1688 2449 1781 2480 var.
1818 2437 1930 2480 vesi-

222 2505 347 2547 carz'a
372 2505 420 2547 L.

269 2587 369 2622 Hal).
389 2587 429 2621 in
447 2586 561 2622 cultis
577 2583 770 2620 dereliciis
790 2586 827 2618 et
845 2583 1014 2618 collibus
1033 2581 1403 2627 Argolidis,Atticae‚
1425 2579 1585 2615 Baeotiae
1602 2579 1767 2626 (Sprum
1788 2579 1929 2615 Boissl

221 2633 391 2678 Heldr!)‚
411 2634 534 2668 Creta),
566 2632 760 2676 (Toum).
780 2631 878 2667 Chio
910 2629 1053 2676 (Orphl
1067 2631 1093 2672 )‚
1111 2628 1240 2664 Rhodi
1270 2627 1467 2672 (Bourgo,
1490 2626 1626 2672 Lydiae
1644 2626 1693 2662 ad
1713 2625 1928 2672 Smyrnam

221 2681 374 2725 (Boissl
394 2680 513 2725 Ball),
542 2678 790 2725 Pamphyliae
820 2677 1016 2722 (Bourg!)‚
1045 2676 1229 2722 Phrygiae
1262 2674 1311 2710 ad
1341 2673 1507 2710 Ouchak
1536 2677 1574 2710 et
1607 2673 1754 2708 Ciliciae
1790 2672 1928 2718 (Ball),

221 2728 344 2774 Cypri
362 2728 488 2772 <Ky!),
507 2727 630 2772 Syriae
649 2725 698 2761 ad
718 2725 870 2771 Aleppo
889 2723 1119 2769 (Haussk.],
1151 2722 1333 2758 littoralis
1361 2721 1485 2766 (Gaill
1499 2722 1535 2766 l),
1567 2720 1717 2756 Libano
1736 2720 1787 2756 ad
1817 2719 1928 2755 Eden

220 2775 333 2819 (Bll),
353 2775 582 2810 Antilibano
601 2772 725 2817 (Gaill
739 2774 778 2817 l),
793 2771 992 2807 Palestina
1008 2770 1186 2815 (Boissl]‚
1205 2769 1358 2804 deserto
1376 2768 1535 2814 Syriaco
1554 2767 1619 2812 (Bl
1632 2769 1658 2813 l)
1675 2769 1713 2803 et
1745 2767 1854 2803 Meso
1884 2776 1928 2802 o-

221 2822 362 2858 tamico
387 2821 616 2866 (Hausskl),
640 2820 774 2856 Persia
801 2819 964 2854 australi
989 2817 1038 2854 ad
1062 2817 1228 2853 Dalechi
1248 2816 1340 2862 (Ky.
1361 2816 1467 2860 1681)
1493 2818 1530 2850 et
1556 2814 1706 2850 boreali
1729 2813 1780 2850 ad
1801 2813 1856 2849 Te
1888 2823 1930 2850 e·

222 2878 292 2904 ran
315 2869 460 2914 (Egel).

268 2942 328 2976 Ar.
353 2942 485 2985 Geoqr.
503 2938 647 2980 Sicilia,
666 2938 707 2974 in
723 2936 854 2973 Gallia
871 2947 991 2984 prope
1007 2935 1238 2979 Massiliam,
1260 2935 1327 2971 sed
1343 2945 1391 2970 an
1410 2935 1654 2981 spontanea?
