2066 3296
89 238 258 276 Leuzea.
820 236 1068 272 COMPOSITAE.
1727 236 1800 273 607

88 319 254 402 {insaigae
283 318 424 411 &Aizglb
443 317 585 363 31511),
618 317 829 354 Palestinae
847 317 888 353 in
908 317 1063 354 deserto
1084 317 1135 353 ad
1154 317 1358 353 meridiem
1378 317 1485 353 Gaza
1503 318 1672 364 (Boissl)
1691 321 1728 354 et
1748 319 1798 354 ad

173 377 196 401 a
227 377 250 401 a
268 374 280 412 t
319 375 342 401 ο
424 392 430 398 .

137 422 274 458 Affinis
297 421 347 457 A.
363 420 503 469 Lippii
517 420 651 457 differt
669 419 821 467 phyllis
842 419 966 456 acutis
993 430 1063 456 nec
1081 421 1310 468 cuspidatis‚
1329 421 1475 457 striatis
1493 423 1531 457 et
1547 422 1799 468 sphacelatiS‚

91 468 265 505 flosculis
283 468 558 513 discoloribus,
578 467 764 504 acheniis.

138 526 200 561 Ar.
220 525 353 570 Geoqr.
381 523 515 560 Nubia
536 523 586 559 ad
604 534 713 560 mare
730 523 922 570 Rubrum,
942 523 1075 559 Africa
1092 523 1277 559 borealis.

511 660 701 708 taum
735 660 844 722 (ως.
883 659 943 708 ri.
982 659 1047 707 rr.
1086 659 1150 716 ιν,
1190 674 1228 721 p.
1265 659 1382 722 ιω).

152 791 403 847 Capitulum
439 794 745 845 homogamum
786 791 1119 845 aequalissorum.
1161 792 1383 834 Involucri
1422 792 1571 847 phylla
1608 791 1800 836 coriacea

90 851 327 895 imbricata.
370 852 712 905 Receptaculum
752 850 994 893 setiferum.
1037 850 1246 893 Antherae
1286 850 1545 893 brevissime
1586 852 1795 894 caudatae.

92 911 333 954 Achenium
377 911 498 964 apice
536 913 736 953 truncato
772 912 897 952 acute
937 909 1228 962 marginatum
1275 910 1359 952 hilo
1398 910 1579 952 laterali.
1625 910 1800 965 Pappus

94 969 391 1013 multiserialis
416 970 645 1023 plumosus
670 967 766 1012 basi
793 969 838 1010 in
861 967 1073 1010 annulum
1097 971 1327 1010 concretus
1356 968 1579 1011 deciduus.
1607 979 1664 998 —1
1690 969 1800 1011 Her-

95 1030 161 1071 bae
177 1039 395 1083 perennes
413 1028 616 1082 capitulis
635 1028 814 1081 magnis.
838 1051 889 1057 —-
918 1026 1067 1069 Genus
1092 1026 1238 1069 habitu
1263 1030 1304 1069 et
1327 1027 1651 1070 characteribus
1674 1029 1800 1071 affine

95 1085 380 1139 Rhapontico,
408 1086 460 1129 ab
484 1098 534 1130 eo
560 1099 703 1142 pappo
729 1087 938 1129 annulato
962 1085 1143 1128 deciduo
1168 1085 1435 1128 distinctum.

157 1213 194 1255 1.
227 1211 283 1255 L.
312 1211 745 1256 serratuloides
777 1211 936 1268 (Fisch.
967 1213 1008 1254 et
1032 1212 1142 1266 Mey.
1169 1212 1211 1254 in
1238 1224 1317 1254 n.c.
1345 1211 1498 1254 Prodr.
1530 1212 1599 1263 VI,
1626 1226 1663 1267 p.
1691 1213 1799 1268 666)

95 1271 217 1314 caule
266 1274 410 1313 erecto
455 1272 776 1325 rnonocephalo‚
819 1270 932 1314 foliis
970 1270 1175 1314 corIaceis
1221 1271 1414 1325 crispule
1459 1271 1798 1325 pubescentibus

97 1332 272 1373 demum
310 1329 516 1383 glabratis
552 1331 598 1372 in
635 1331 844 1386 petiolum
883 1342 1078 1373 crassum
1114 1330 1349 1373 attenuatis
1387 1329 1538 1383 lyratis
1578 1335 1800 1384 segmento

97 1388 314 1432 terminali
349 1389 537 1432 maximo
577 1389 910 1442 ovato-oblongo
947 1388 1101 1432 obtuse
1140 1393 1182 1432 et
1221 1390 1304 1432 late
1343 1389 1518 1432 dentato
1547 1390 1800 1433 lateralibus

95 1447 305 1502 utrinque
324 1448 396 1489 ⁵2-3
416 1449 564 1502 parvis
582 1449 778 1502 oblongis
793 1449 998 1491 deorsum
1023 1448 1250 1490 dimiiiutis
1268 1447 1471 1490 omuibus
1496 1459 1622 1490 secus
1639 1452 1800 1491 costam

97 1518 290 1549 crassam
323 1506 677 1560 decurrentibus,
707 1507 927 1551 terminali
952 1521 976 1549 a
1006 1507 1192 1562 capitulo
1227 1507 1378 1550 dissito
1405 1508 1481 1549 sed
1508 1507 1587 1549 hoc
1612 1508 1801 1561 aequanti

99 1565 166 1608 vel
192 1566 434 1619 superanti,
462 1566 649 1620 capitulo
676 1579 831 1620 magno
864 1566 1211 1621 hemispliaerico,
1239 1567 1453 1609 involucri
1489 1566 1650 1619 phyllis
1684 1570 1800 1609 arcte

94 1624 334 1667 imbricatis
355 1625 561 1668 coriaceis
579 1626 781 1668 elevatim
806 1624 978 1669 lineatis
1003 1625 1241 1680 appendice
1259 1639 1282 1667 a
1302 1625 1393 1667 basi
1414 1624 1650 1667 lanceolata
1669 1625 1801 1668 subu-

97 1684 184 1725 lata
210 1683 397 1726 innocua
420 1683 583 1726 reflexa
607 1685 768 1739 phyllis
786 1683 1069 1727 inferioribus
1093 1684 1231 1726 ovatis
1257 1685 1501 1738 aequilonga
1527 1683 1799 1726 intermediis

97 1742 293 1795 oblongis
321 1745 364 1785 et
386 1743 691 1797 superioribus
721 1743 922 1798 ellipticis
942 1743 1145 1786 breviore
1168 1743 1401 1798 superatis,
1419 1743 1613 1785 flosculis
1633 1743 1801 1784 carneis

102 1801 168 1843 vel
196 1801 348 1851 roseis,
384 1802 574 1844 acheniis
602 1802 769 1856 magnis
797 1801 996 1854 oblongis
1024 1802 1207 1845 laevibus
1242 1803 1362 1856 apice
1397 1805 1522 1844 acute
1556 1805 1599 1843 et
1636 1801 1802 1844 brevis-

98 1860 206 1902 sime
233 1860 501 1914 marginatis,
536 1862 668 1916 pappi
693 1861 811 1904 nivei
840 1862 946 1905 setis
972 1861 1185 1915 plumosis
1221 1861 1398 1904 achenio
1435 1861 1568 1914 duplo
1600 1860 1801 1914 longiori·

97 1919 180 1961 bus
217 1924 276 1967 26.

145 1984 248 2020 Hah.
267 1985 307 2020 in
327 1986 518 2021 montosis
538 1985 656 2022 vallis
675 1985 932 2022 Koschadara
952 1988 1148 2022 Armeniae
1169 1986 1339 2022 Rossicae
1361 1988 1399 2021 in
1417 1985 1616 2032 argillosis
1639 1984 1802 2029 (Szovl).

96 2031 181 2067 Vid.
200 2043 302 2079 spec.
321 2033 362 2068 in
384 2043 460 2068 uc.
481 2033 592 2068 herb.

155 2097 199 2151 β.
232 2096 523 2140 subindivisa.
551 2123 603 2129 ——
635 2098 752 2141 Folia
787 2102 913 2141 ovata
953 2098 1140 2141 indivisa
1178 2099 1246 2142 vel
1288 2099 1377 2140 basi
1411 2098 1556 2140 rarius
1586 2097 1609 2138 ἱ)
1639 2096 1800 2138 laciniis

97 2155 337 2199 linearibus
375 2160 514 2208 aucta,
549 2157 811 2200 intermedia
851 2171 977 2202 secus
1022 2158 1230 2212 petiolum
1271 2157 1448 2199 brevem
1489 2156 1801 2208 augustissime

98 2215 393 2266 decurrentia,
413 2217 602 2269 capitula
627 2217 890 2271 submajora,
910 2217 1056 2272 phylla
1083 2217 1299 2259 elevatius
1319 2217 1489 2259 lineata.
1511 2239 1560 2244 —
1584 2215 1629 2255 L.
1645 2214 1802 2256 solero-

90 2272 250 2327 phylla
274 2274 412 2317 Boiss.
438 2278 481 2318 et
502 2276 652 2318 Heldr.
682 2276 833 2329 Diagn.
863 2275 956 2318 Ser.
979 2275 1012 2327 1,
1046 2277 1110 2321 10,
1134 2289 1171 2329 p,
1199 2277 1267 2317 97.

146 2338 252 2376 Hah.
283 2340 322 2374 in
355 2341 467 2376 siccis
497 2341 614 2376 vallis
646 2342 859 2389 superioris
891 2341 1090 2377 Ermenek
1121 2340 1265 2377 Ciliciae
1297 2341 1473 2376 Tracheae
1510 2350 1627 2386 prope
1657 2348 1803 2385 pagum

102 2385 255 2422 Betlam
273 2386 463 2433 (Heldrl).
480 2387 542 2423 Fl.
562 2388 669 2424 Julio
687 2389 846 2425 ineunte

147 2441 282 2477 Cauiis
300 2442 556 2487 spithamenS‚
574 2444 670 2479 folia
687 2444 948 2491 semipedalia
968 2446 1172 2490 segmento
1192 2443 1382 2489 superiori
1397 2443 1461 2478 4-5
1478 2442 1572 2488 poll.
1592 2442 1682 2484 lato,
1697 2441 1803 2486 capi-

101 2488 229 2524 tulum
251 2500 384 2535 magn.
414 2489 506 2526 Rha
536 2491 692 2527 onticz'e
721 2491 900 2528 narozdz's
923 2491 988 2527 vel
1012 2491 1130 2538 paulo
1151 2492 1293 2534 minus⁷
1311 2490 1451 2536 phylla
1476 2489 1708 2525 intermedia
1725 2487 1747 2523 2
1762 2488 1801 2531 'sa

99 2534 165 2570 lin.
184 2535 275 2580 lata,
296 2502 587 2583 appendixgm
607 2538 674 2573 lin.
711 2549 827 2585 onga.
853 2539 1072 2575 Achenium
1092 2538 1115 2574 3
1130 2539 1170 2582 ¹l²
1191 2538 1313 2573 lineas
1332 2537 1507 2583 longum.

101 2674 425 2724 PSEPHELLUS
457 2677 588 2735 (Cass.
623 2678 726 2727 ilict.
759 2679 840 2735 43,
878 2693 918 2740 p.
959 2679 1047 2727 488
1083 2684 1123 2726 et
1155 2679 1235 2733 5⁰,
1273 2692 1311 2739 p.
1346 2676 1431 2725 25⁰
1467 2690 1512 2724 ex
1550 2679 1700 2737 parte).
1741 2701 1803 2709 ·-

135 2737 418 2788 Centaurea
442 2742 571 2789 Sect.
598 2743 892 2806 Psephellus
919 2758 1012 2791 D.c.
1036 2744 1208 2791 Prodr.
1238 2743 1317 2798 VI,
1346 2757 1392 2803 p.
1414 2740 1515 2789 575
1536 2756 1591 2786 ex
1612 2744 1768 2801 parte.

161 2876 360 2932 Capitula
388 2879 663 2934 heterogama
688 2881 833 2924 rarius
857 2881 881 2936 ζ
881 2881 929 2923 Ρ.
956 2879 1354 2933 :cantlzoceplealuffl
1383 2879 1645 2931 lioniogama.
1681 2877 1805 2919 Invo-

104 2935 214 2978 lucri
235 2937 383 2992 phylla
407 2939 609 2981 scariosa.
645 2939 985 2993 Receptaculum
1013 2939 1251 2982 setiferum.
1289 2938 1495 2979 Antlierae
1521 2936 1613 2978 basi
1636 2936 1802 2978 brevis-

105 2994 212 3037 sime
250 2997 456 3039 caudatae.
495 2998 687 3041 Ach'enia
723 2999 848 3041 laevia
881 3011 1071 3054 papposa
1109 2999 1194 3040 hilo
1231 2997 1408 3039 laterali.
1450 2996 1624 3049 Pappus
1660 2994 1804 3036 brevis
