2090 3291
222 250 294 288 952
898 256 1244 283 CAMPANULACEAE.
1643 247 1900 288 Podantkum
1910 278 1921 287 .

226 333 428 378 scabrida
463 331 594 386 triplo
632 329 931 380 brevioribus,
967 329 1142 383 capsula
1177 329 1571 384 elliptico-oblonga
1613 331 1749 373 valvis
1790 345 1929 388 prope

224 394 389 448 apicem
412 392 508 434 sitis
531 390 780 432 dehiscente
805 395 840 436 36
858 423 865 429 .
892 388 1173 440 Repmwutus
1196 386 1434 431 Orientalis
1445 387 1581 441 foliis
1603 390 1806 442 anqustis
1826 391 1927 433 den-

219 450 655 567 {jat2'181gTou1-nl).—
684 448 827 499 Camp.
859 447 1090 489 Taaecricola
1122 446 1260 490 Boiss.
1286 451 1328 490 et
1366 447 1455 490 Bal.
1487 449 1632 503 Diagn.
1664 448 1756 492 Ser.
1793 450 1846 504 ΙΙ,
1884 452 1924 503 3,

270 585 369 620 Hab.
386 584 426 619 in
446 582 633 618 Armenia
651 580 815 615 Turcica
831 580 1062 625 (Gundelsh.
1083 581 1121 615 in
1142 579 1250 616 herb.
1272 580 1440 624 Willdll,
1459 582 1560 617 inter
1578 582 1865 628 Trapezuntem
1886 586 1927 620 et,

222 632 409 668 Erzerum
431 630 596 675 (Calvi),
623 628 662 663 in
695 629 826 663 monte
855 627 1028 673 Alidagh
1057 627 1318 674 Cappadociae
1346 629 1449 664 4500‘
1473 628 1577 672 (Bal.
1607 639 1687 664 exs.
1716 630 1825 666 1022!
1848 632 1924 666 sub

224 679 360 725 Camp.
378 674 619 721 Tam-iconi),
632 677 765 710 monte
779 674 1005 720 Berytdagh
1021 675 1223 710 Cataoniae
1239 675 1418 719 (Haussk
1429 677 1465 720 l),
1478 676 1636 721 regione
1652 677 1785 723 alpina
1801 678 1924 714 Tauri

222 726 369 762 Cilicici
388 735 507 772 supra
526 722 702 769 Bulghar
720 722 887 758 Maaden
903 722 1038 766 (Ball),
1055 722 1206 758 Libano
1225 723 1274 758 ad
1293 722 1485 759 Becherre
1500 723 1580 769 (Ky
1605 723 1676 760 283
1688 724 1763 759 sub
1782 724 1817 761 C.
1835 735 1925 761 eon-

222 770 428 817 trove-sci),
446 771 497 807 ad
516 771 642 816 Djurd
659 770 905 805 Taunourim
921 769 996 813 (Bl.
1015 769 1215 814 391-3931).

281 838 324 892 β.
350 837 561 890 αἰρῂιηφη.
589 861 641 866 -
666 834 822 878 Caules
847 834 1137 889 semipedales
1163 835 1298 888 magis
1321 835 1620 888 ascendentes,
1647 836 1744 878 solia
1770 837 1925 880 abbre-

222 898 351 941 viata.
380 897 510 951 spicae
547 895 810 937 abbreviata}
852 893 1036 936 floribus
1074 894 1224 949 paucis
1262 894 1427 937 dissitis
1466 907 1581 948 saepe
1619 895 1838 938 solitariis.
1871 921 1923 928 -—-

224 953 640 1057 Οαφέἔέξθρίορεΐαία
662 952 852 996 Ehrenb.
874 953 982 995 Mssl
1001 977 1057 983 —
1077 952 1320 1007 Phyteuma
1339 951 1468 994 Sinai?
1485 967 1526 996 Α.
1558 966 1637 997 nc.
1657 954 1810 997 Prodr.
1833 955 1926 1009 VII,

222 1029 248 1070 p
270 1088 368 1124 Hab.
389 1089 428 1123 in
447 1088 605 1132 regione
624 1086 758 1133 alpina
776 1085 917 1121 Libani
939 1085 989 1121 ad
1007 1085 1153 1121 Cedros
1173 1085 1289 1129 (Ehrl
1311 1085 1404 1130 1311),
1422 1086 1461 1121 in
1485 1089 1617 1122 monte
1636 1086 1809 1122 Makmel
1830 1089 1865 1123 et
1884 1090 1925 1123 in

220 1137 428 1181 Yamouny
447 1137 485 1171 et
501 1135 661 1170 Dimam
680 1133 743 1178 (Bl
756 1135 790 1177 1),
810 1134 849 1168 in
870 1135 1003 1168 monte
1020 1133 1126 1169 Sinai
1145 1134 1195 1169 ad
1212 1144 1330 1180 rupes
1348 1133 1489 1178 (Auch.
1508 1133 1548 1168 in
1566 1143 1639 1169 nc.
1659 1133 1804 1179 herbl).

279 1234 318 1273 7.
353 1211 561 1264 riyidum.
591 1232 643 1241 -
674 1209 790 1250 Folia
817 1207 1107 1262 glabriuscula
1135 1212 1319 1261 anguste
1348 1208 1777 1251 lineari-lanceolata.
1807 1209 1925 1262 spica

222 1273 275 1316 ob
293 1271 517 1315 fasciculos
535 1269 707 1311 intimos
728 1268 895 1322 longius
914 1267 1228 1321 pedunculatos
1259 1268 1577 1327 subraceinosa.
1596 1292 1653 1297 --
1676 1266 1800 1320 Plzyt.
1820 1267 1929 1319 ripi-

222 1328 492 1444 ffimssgvgjlg.
513 1328 638 1429 8¹2.ss
651 1340 693 1419 p
715 1328 798 1369 9025
817 1330 859 1368 et
875 1326 993 1368 herb.
1014 1326 1080 1368 fol.
1105 1326 1208 1367 11-
1222 1327 1363 1380 Cmnp.
1383 1325 1761 1378 dractmczili'folia
1779 1325 1922 1369 Boiss.

269 1463 367 1499 Hab.
391 1463 430 1498 in
456 1462 610 1497 Oriente
630 1459 814 1505 (Willdl),
846 1460 884 1495 in
911 1460 1078 1496 collibus
1109 1459 1227 1495 aridis
1253 1460 1301 1495 ad
1336 1460 1486 1505 Koweg
1520 1460 1719 1496 Armeniae
1751 1460 1926 1496 Turcicae

222 1511 405 1547 australis
423 1508 526 1546 5000‘
545 1508 635 1554 (Ky.
652 1507 768 1553 3121).

268 1574 409 1609 Forma
427 1572 559 1620 typica
578 1570 728 1617 pedalis
749 1570 812 1606 vel
831 1569 1120 1617 sesquipedalis
1142 1571 1248 1616 spica
1267 1569 1529 1616 4·8-pollicari
1550 1569 1654 1604 foliis
1674 1569 1784 1606 inser.
1810 1570 1868 1605 1-1
1883 1571 1925 1615 Ἀ

223 1621 407 1669 pollicem
425 1619 555 1665 longis
573 1618 638 1654 4-5
658 1618 780 1653 lineas
800 1618 889 1653 latis
908 1618 947 1653 in
975 1618 1140 1653 formam
1161 1617 1338 1663 alpinam
1365 1617 1642 1652 abbreviatam
1671 1617 1926 1663 paucissoram

222 1667 463 1704 intermediis
482 1666 684 1702 evidenter
703 1666 851 1701 transit.
871 1665 1096 1712 Specimina
1114 1664 1288 1700 herbarii
1308 1663 1619 1700 Willdenoviani
1637 1668 1821 1700 caeterum
1841 1675 1926 1711 pes-

223 1717 324 1752 sima
356 1714 534 1751 eamdem
558 1713 725 1760 speciem
754 1713 955 1748 evidenter
981 1712 1177 1748 exhibent.
1200 1711 1243 1747 Ρ.
1263 1712 1438 1759 rigidum
1458 1711 1589 1747 Willd.
1609 1711 1718 1747 herb.
1738 1711 1818 1747 Fol.
1838 1712 1860 1747 2
1879 1723 1929 1748 ex

224 1762 459 1799 Bessarabia
478 1761 572 1796 ΜΒ.
594 1763 650 1796 est
671 1759 716 1795 P.
740 1769 960 1796 canescens.

295 1900 351 1939 15.
386 1896 442 1938 Ρ.
477 1893 854 1939 tenuifolium
889 1894 1038 1947 (Alph.
1076 1906 1160 1936 nc.
1191 1892 1341 1935 Prodr.
1367 1893 1458 1934 VII.
1497 1906 1535 1946 p.
1572 1893 1658 1934 454
1682 1891 1775 1947 ‚sub
1813 1892 1929 1946 Phy-

225 1954 430 2009 tcnmate)
455 1954 714 1998 brevissime
734 1953 1013 2007 puberulum,
1032 1953 1230 1996 caulibus
1249 1952 1372 1995 elatis
1392 1953 1572 2005 virgatis
1589 1955 1712 2005 parte
1729 1951 1928 1995 inferiori

226 2016 413 2070 sparsim
432 2014 650 2057 foliosisin
675 2013 836 2066 spicam
860 2012 1099 2067 simplicem
1118 2013 1264 2055 rarius
1285 2011 1453 2054 ramulo
1472 2015 1638 2054 auctam
1658 2011 1740 2053 sub
1757 2011 1928 2055 anthesi

224 2075 517 2119 abbreviatam
547 2072 824 2121 abeuntibus,
852 2071 963 2114 foliis
991 2075 1173 2124 anguste
1200 2070 1439 2113 linearibus
1465 2069 1827 2114 subdenticulatis
1854 2071 1923 2113 vel

222 2134 405 2187 integris
424 2133 562 2186 longis
579 2133 749 2174 inferne
767 2131 1001 2173 attenuatis
1023 2129 1327 2184 superioribus
1345 2129 1611 2172 abbreviatis
1638 2128 1929 2178 filiformibus,

224 2193 408 2236 floribus
428 2191 741 2235 subsessilibus
764 2190 809 2232 in
834 2190 1058 2232 fasciculos
1077 2190 1253 2233 sessiles
1276 2189 1563 2232 bracteolatos
1585 2189 1760 2231 bractea
1784 2189 1928 2231 brevi-

224 2255 291 2294 ter
318 2252 554 2294 lanceolata
581 2250 783 2293 suffultos
811 2249 882 2290 2-{5
907 2249 1158 2302 glomeratis
1187 2248 1370 2292 summis
1400 2248 1622 2300 solitariis,
1650 2247 1808 2301 calycis
1836 2260 1930 2289 sca-

224 2311 340 2353 bridi
364 2311 529 2353 laciniis
548 2309 795 2352 lanceolatis
819 2308 923 2350 tubo
942 2308 1163 2350 turbinato
1181 2307 1352 2362 hispido
1371 2308 1440 2349 vel
1461 2307 1652 2360 glabrato
1672 2307 1930 2361 aequilongis

226 2370 386 2412 corolla
413 2370 561 2423 glabra
589 2369 755 2423 5-6-plo
785 2366 1061 2410 brevioribus
1098 2372 1156 2414 36.

273 2442 376 2478 Hab.
412 2453 530 2490 prope
566 2442 800 2487 Byzantium
835 2440 966 2485 (Castl
1003 2439 1269 2485 Coumanyl),
1304 2439 1352 2476 ad
1387 2438 1522 2475 Karlal
1558 2450 1679 2486 prope
1713 2439 1930 2475 Broussam

228 2490 423 2535 (Thirke!‚
442 2489 637 2534 Fritschl).

276 2552 461 2599 Bipedale
480 2555 517 2588 et
534 2552 702 2599 longius,
723 2552 816 2588 folia
834 2552 1018 2587 inferiora
1033 2550 1099 2587 ’3-4
1116 2550 1276 2598 pollices
1294 2550 1415 2596 longa
1432 2551 1454 2586 2
1471 2550 1595 2586 lineas
1614 2550 1704 2589 lata.
1724 2551 1831 2597 spica
1848 2550 1929 2586 2-4-

227 2600 438 2646 pollicaris‚
456 2599 602 2635 corolla
623 2600 644 2635 4
669 2600 793 2635 lineas
817 2599 950 2645 longa.
970 2599 1126 2646 Species
1145 2610 1167 2634 a
1186 2598 1230 2634 Ρ.
1250 2598 1491 2644 lz'monz'z'foliz'
1504 2598 1641 2634 formis
1657 2598 1769 2633 caule
1794 2597 1931 2634 foliato

227 2649 264 2682 et
282 2647 386 2683 foliis
405 2647 696 2693 angustissimis
718 2650 761 2683 ut
780 2646 934 2683 videtur
952 2646 1121 2682 diversa.

291 2779 355 2820 16.
389 2777 444 2820 Ρ.
467 2777 671 2821 Otites.
696 2777 952 2820 brevissime
977 2776 1235 2830 pubescens.
1258 2776 1454 2819 caulibus
1478 2775 1604 2818 elatis
1629 2775 1819 2817 tenuiter
1844 2774 1930 2817 vir-

227 2838 336 2892 gatis
363 2837 696 2890 simplicissimis
719 2836 864 2879 rarius
889 2835 1056 2878 ramulo
1079 2836 1217 2879 auctis
1239 2836 1409 2878 inferne
1433 2846 1559 2888 parce
1584 2834 1750 2877 foliosis
1772 2835 1816 2876 in
1842 2833 1931 2887 spi-

229 2909 319 2938 cam
347 2897 640 2949 longissimam
664 2900 842 2938 tenuem
865 2895 1004 2937 laxam
1027 2894 1308 2937 abeuntibus.
1333 2894 1444 2937 foliis
1469 2892 1728 2935 radicalibus
1747 2895 1930 2946 anguste

229 2955 684 3007 oblongo-lanceolatis
710 2956 754 2996 in
779 2955 987 3008 petiolum
1017 2955 1194 2996 brevem
1221 2953 1456 2996 attenuatis
1487 2951 1800 2995 obtusiusculis
1828 2950 1931 2993 snb-

230 3014 451 3068 repandis‚
483 3014 666 3057 caulinis
697 3013 1007 3066 angustissime
1039 3012 1484 3063 lineari-lanceolatis,
1516 3011 1700 3054 floribus
1727 3011 1800 3052 ‘2-‘3
1829 3010 1930 3052 bre-
