2071 3241
81 225 310 264 Artemisza.
807 230 1056 257 composrrAE.
1717 223 1792 260 365

129 307 235 343 Hab.
254 307 293 341 in
312 305 481 342 collibus
499 304 665 341 Soisalle
684 303 856 349 regionis
875 302 1062 338 Albistan
1088 303 1289 339 Cataoniae
1308 314 1428 351 prope
1452 304 1617 340 ssuvinm
1640 305 1789 351 Djihan

79 354 262 400 (Haussk
275 355 313 399 1),
329 352 456 388 medio
476 353 654 398 Augusto
673 350 851 386 nondum
871 349 1052 385 florifera.

128 417 303 463 Speciem
320 415 657 451 distinctissimam
678 413 867 459 descripsi
886 412 1071 459 quamvis
1084 413 1300 458 juvenilem
1322 416 1474 449 tantum
1492 417 1637 450 notam.
1662 414 1790 451 Folio·

83 475 168 500 rum
186 463 415 499 radicalium
434 461 604 509 petiolus
618 462 640 495 <5
657 461 782 496 lineas
798 459 945 495 limbus
959 459 1023 495 3-4
1038 460 1195 506 longus,
1208 461 1339 496 caules
1349 461 1507 496 floriferi
1526 472 1615 496 cum
1636 473 1789 498 racemo

82 512 146 547 4-5
160 510 253 557 poll.
275 510 393 555 longo
411 509 711 555 7-9-pollicares.
743 507 910 543 Racemo
938 508 1222 553 angustissimo
1257 510 1295 543 et
1313 508 1497 543 foliorum
1518 509 1670 544 laciniis
1690 520 1788 556 pau-

83 558 253 594 cissimis
273 557 456 592 tenuibus
474 555 611 601 rigidis
629 554 808 601 insignis.

148 674 212 714 11.
247 672 308 714 A.
341 670 700 714 Herba-alba
726 670 860 724 (Asso
885 669 946 711 Fl.
977 668 1132 723 Arrag.
1152 682 1191 723 p.
1219 671 1314 721 117,
1346 670 1430 712 tab.
1457 672 1515 723 8),
1538 672 1793 715 fruticulosa

85 731 313 774 dumulosa
341 731 439 784 plns
479 731 625 772 minus
662 733 1031 772 tomentoso-cana
1062 730 1210 771 rarius
1249 729 1439 782 glabrata
1481 731 1794 785 ramossssima,

86 791 220 832 ramis
265 789 418 843 rigidis
454 790 499 831 in
532 788 776 844 paniculam
823 788 1049 840 oblongam
1093 790 1311 841 patentem
1358 787 1634 841 abeuntibus,
1681 790 1791 833 foliis

87 849 360 890 ramulorum
388 847 601 891 sterilium
638 846 854 901 petiolatis
890 846 1055 888 ambitu
1097 846 1500 889 ovato-orbiculatis
1540 848 1582 888 in
1612 848 1791 891 lacinias

86 907 365 960 divergenles
414 908 573 949 breves
618 906 825 958 oblongas
875 905 941 947 vel
987 904 1382 959 oblongo-lineares
1430 906 1795 960 bipinnatisectis‚

86 966 269 1008 caulinis
289 965 412 1008 valde
436 965 662 1008 diminutis
688 964 927 1019 paucilobis
951 964 1226 1016 fasciculatis,
1259 965 1446 1007 bracteis
1472 965 1661 1008 minimis
1689 979 1790 1009 ova-

88 1024 159 1076 tiS,
187 1024 386 1078 capitulis
408 1024 636 1067 sessilibus
659 1023 826 1065 dissitis
845 1023 912 1064 vel
934 1023 1246 1076 approximatis
1271 1023 1468 1076 oblongis
1491 1024 1558 1065 vel
1583 1025 1792 1078 cylindri—

89 1083 150 1125 cis
178 1084 267 1126 basi
293 1084 416 1136 longe
442 1083 678 1126 attenuatis
716 1083 949 1134 2-4-ssoris‚
987 1081 1202 1124 involucri
1227 1083 1496 1125 canescenlis
1526 1084 1592 1125 vel
1633 1085 1793 1138 pubes-

90 1142 228 1184 centis
278 1141 750 1196 glanduloso-pnnctati
797 1141 958 1195 phyllis
1014 1140 1296 1183 inferioribus
1350 1142 1543 1183 minimis
1599 1143 1794 1185 carnosis

90 1201 341 1244 orbiculatis
367 1201 565 1243 concavis
591 1200 923 1253 gibbiforinihus
943 1199 1076 1241 dense
1103 1199 1343 1242 iinbrIcatis
1374 1201 1562 1243 internis
1600 1202 1796 1255 oblongis

91 1262 134 1301 et
159 1259 603 1312 oblongo-linearibus
625 1259 790 1301 sensim
816 1259 953 1301 auctis
972 1258 1055 1300 late
1084 1267 1126 1300 et
1146 1259 1368 1301 interdum
1394 1260 1569 1303 omnino
1593 1261 1796 1303 scariosis

91 1319 239 1360 nitidis
261 1325 295 1367 5.
322 1319 370 1360 A.
396 1317 722 1372 Arragonensis
762 1318 876 1359 Lam.
904 1317 1076 1370 Encycl.
1104 1317 1156 1369 ΙΙ,
1182 1331 1224 1372 p.
1258 1319 1356 1360 ⁰269.
1392 1343 1447 1347 ——
1480 1318 1529 1360 A.
1572 1319 1798 1362 Valentino

91 1377 240 1420 Willd.
265 1378 336 1431 Sp.
366 1377 439 1430 III,
467 1390 507 1431 p.
542 1378 663 1419 1816.
690 1377 842 1419 Planta
869 1376 1059 1419 serotina
1083 1376 1201 1430 Sept.
1227 1376 1436 1419 Novemh.
1480 1378 1656 1420 florens.
1688 1378 1795 1433 Spe-

91 1437 179 1479 cies
197 1437 323 1479 valde
361 1435 582 1479 variabilis
606 1436 657 1478 ab
684 1435 735 1477 A.
752 1434 1016 1488 frayrantis
1044 1435 1196 1478 formis
1222 1438 1380 1489 praetcr
1408 1436 1607 1480 soliorum
1632 1438 1798 1479 radica-

92 1495 196 1537 lium
237 1494 415 1538 lacinias
450 1495 723 1537 abbreviatas
761 1498 803 1538 et
831 1495 998 1537 caulina
1028 1494 1286 1537 brevissima
1320 1496 1567 1538 fasciculam
1596 1497 1797 1550 capitulis

91 1554 183 1596 basi
210 1554 333 1597 valde
359 1553 594 1597 attenuatis
613 1557 658 1596 et
693 1553 908 1597 involucri
935 1553 1096 1608 phyllis
1119 1554 1403 1597 inferioribus
1427 1555 1618 1597 minimis
1650 1567 1800 1598 carno-

94 1613 155 1655 sis
182 1613 436 1655 orbiculatis
464 1612 678 1660 distincta.
716 1613 927 1668 paniculae
969 1613 1079 1654 rami
1114 1613 1297 1667 insuper
1325 1615 1460 1666 magis
1486 1615 1728 1657 abbreviati
1755 1618 1798 1657 et

92 1673 333 1771 {aepissime
359 1675 569 1726 patentes.
593 1671 714 1714 Inter
740 1672 897 1714 formas
922 1671 988 1712 hic
1011 1676 1288 1714 enumeratas
1314 1674 1458 1714 nullos
1475 1673 1634 1715 limites
1658 1677 1800 1715 certos

126 1735 297 1784 elegere
320 1731 457 1786 potui.

154 1825 195 1848 α.
229 1805 477 1858 densiflora.
500 1827 559 1836 —-
581 1803 779 1860 Capitula
797 1816 923 1848 secus
944 1817 1086 1847 ramos
1107 1806 1316 1859 paniculae
1344 1811 1709 1860 erecto-patentes
1734 1809 1800 1850 vel

94 1865 303 1918 pat-entim
332 1864 593 1907 divaricatos
620 1865 722 1919 plus
745 1864 892 1906 minus
919 1865 1194 1907 condensata.
1234 1866 1286 1906 A.
1313 1865 1481 1906 inculto
1518 1866 1610 1907 Del.
1641 1867 1698 1908 Fl.
1727 1867 1800 1920 Eg.

94 1935 135 1977 p.
164 1925 263 1977 345,
287 1923 371 1966 tab.
398 1924 466 1965 43.
497 1947 548 1953 —
574 1922 625 1964 A.
654 1921 908 1965 olivertana
933 1923 970 1964 J.
996 1922 1087 1976 Gay
1112 1935 1166 1965 ex
1190 1923 1349 1966 Besser
1366 1925 1408 1966 in
1436 1938 1516 1968 oc.
1542 1925 1695 1968 Prodr.
1724 1926 1795 1976 Vl,

94 1996 135 2038 p.
159 1984 253 2024 101.
274 1982 372 2024 Haec
387 1983 526 2025 forma
552 1981 865 2035 speciminibus
897 1982 1118 2024 nonnullis
1142 1994 1196 2023 ex
1218 1982 1364 2024 Africa
1391 1983 1552 2026 borcali
1579 1986 1798 2026 simillima

95 2044 176 2084 cst.
206 2040 360 2084 Caules
378 2042 549 2083 variant
569 2041 857 2095 semipedales
879 2041 942 2082 vel
967 2041 1145 2095 pedales
1168 2045 1210 2083 et
1236 2041 1466 2094 longiores.

145 2115 244 2150 Hah.
265 2115 304 2150 in
322 2114 488 2150 desertis
506 2114 725 2161 praesertim
744 2114 1006 2160 salsuginosis
1027 2115 1190 2162 AEgypti
1205 2117 1245 2151 in
1264 2116 1368 2152 valle
1398 2117 1444 2151 El
1462 2118 1644 2164 Toumeg
1665 2119 1805 2164 (Deli),

95 2162 265 2197 collibus
283 2161 407 2205 Syriae
425 2162 525 2197 circa
542 2162 778 2197 Damascum
799 2162 974 2207 (Gaium,
993 2162 1125 2197 Persia
1144 2163 1273 2198 media
1291 2163 1331 2198 in
1360 2164 1513 2200 deserto
1532 2175 1680 2211 niagno
1705 2166 1806 2201 inter

97 2208 269 2255 Ispahan
289 2211 329 2243 et
341 2208 522 2244 Teheran
554 2208 680 2252 (Olivl
701 2208 860 2243 Haussk
876 2210 911 2253 !)‚
930 2220 1040 2255 prov.
1061 2210 1303 2254 Khorassan,
1332 2211 1545 2256 Affghania
1565 2213 1665 2248 circa
1686 2213 1806 2249 Herat

96 2257 136 2290 et
153 2256 284 2291 Persia
304 2256 485 2291 orientali
503 2255 551 2291 ad
569 2255 698 2291 Tebes
716 2257 755 2290 et
769 2255 866 2291 alibi
878 2256 1022 2301 (Egel).

157 2321 200 2374 β.
230 2319 479 2373 tenmflora.
498 2319 724 2363 ——.Caules
750 2321 950 2373 graciles.
968 2321 1181 2375 panicula?
1209 2322 1316 2364 rami
1340 2325 1495 2365 tenues
1519 2325 1665 2366 erecti.
1681 2324 1806 2378 Capi-

98 2381 188 2422 t-nla
210 2378 448 2422 subdissita
476 2380 566 2421 hasi
586 2380 710 2433 longe
734 2383 969 2431 attenuata,
995 2380 1201 2423 inferiora
1226 2381 1580 2435 subpedicellata.

149 2452 248 2488 Hah.
286 2452 326 2486 in
359 2454 492 2487 monte
527 2451 697 2498 Akdagh
734 2451 937 2487 Cataoniae
963 2453 1066 2488 inter
1093 2453 1289 2489 Adiaman
1320 2457 1359 2489 61
1390 2454 1556 2491 Malatia
1589 2455 1806 2502 (Hausskl)‚

100 2500 234 2535 Persia
251 2498 484 2534 occidentali
502 2499 542 2534 in
561 2499 781 2535 declivibus
795 2501 990 2535 montium
1011 2510 1133 2547 prope
1153 2500 1303 2536 Kashin
1323 2503 1361 2536 et
1380 2502 1556 2538 Charsan
1574 2503 1755 2547 (Haussk
1765 2506 1805 2548 1).

160 2586 200 2624 y.
226 2565 446 2619 laxfflora.
491 2589 546 2596 --
589 2564 745 2608 Caules
787 2566 985 2618 graciles,
1018 2567 1229 2621 paniculae
1264 2568 1437 2610 tandem
1476 2569 1696 2610 interdum
1722 2570 1810 2623 gla-

102 2626 236 2668 braiae
258 2626 368 2667 rami
395 2624 685 2679 patentissimi
713 2627 884 2677 tenues,
922 2625 1109 2679 capitula
1135 2625 1289 2667 dissita
1322 2639 1468 2679 parva.
1499 2653 1552 2657 —
1582 2628 1631 2669 A.
1659 2628 1808 2681 L'ippie'

103 2683 253 2797 galaip
279 2684 442 2797 I133eis3s1er
463 2683 614 2738 Suppl.
638 2695 679 2737 p.
708 2683 776 2724 79.
806 2711 854 2715 -
886 2684 936 2725 A.
966 2682 1131 2725 Se'eheri
1154 2687 1195 2726 et
1215 2684 1264 2725 A.
1289 2685 1622 2728 Billardierana
1646 2688 1809 2730 Besser

151 2816 251 2852 Hab.
273 2817 316 2852 in
340 2816 504 2852 desertis
531 2814 694 2862 AEgypti
711 2816 761 2852 ad
780 2818 1021 2852 conventum
1046 2816 1140 2852 Divi
1167 2818 1329 2853 Antonii
1348 2819 1592 2864 (Hussonl).
1612 2820 1651 2855 in
1678 2820 1810 2856 Pales-

105 2863 188 2899 11ηὲ
204 2866 242 2899 61
260 2863 422 2899 desertis
440 2862 639 2898 Sinaiticis
657 2862 782 2906 (herb.
802 2863 945 2908 Kewl)‚
963 2863 1078 2899 Svria
1094 2864 1196 2899 circa
1207 2865 1446 2901 Damascum
1466 2866 1636 2910 mabill„
1654 2867 1762 2902 Gaill
1774 2870 1812 2913 1),

104 2909 237 2946 Persia
270 2909 619 2946 boreali-orientali
648 2909 699 2945 ad
728 2909 920 2946 Tchesme
955 2901 1019 2945 Aii
1038 2910 1231 2956 (Buhsel)‚
1266 2912 1397 2948 media
1427 2913 1528 2949 inter
1557 2914 1739 2949 Teheran
1773 2917 1811 2950 et

105 2955 275 3038 Ιῗξῑὼτιη
292 2956 469 3002 (Haussk
483 2958 521 3002 l),
535 2956 717 2992 orientali
734 2958 773 2992 et
789 2957 829 2992 in
848 2956 1060 3003 Affghania
1077 2959 1319 2994 contermina
1338 2970 1459 3006 prope
1478 2960 1602 2996 Herat
1625 2964 1663 2997 et
1683 2962 1810 2998 Tebes

107 3003 124 3047 (
186 3005 254 3049 el).
