2126 3246
168 210 390 248 Valeriana.
864 218 1146 244 VALERIANEAE.
1815 212 1864 249 85

155 291 423 346 gamopetala
470 288 1105 333 tubuloso·infundibulifornis
1159 290 1262 332 tubo
1315 290 1408 332 basi
1458 302 1573 346 saepe
1614 291 1740 345 gibbo
1793 294 1861 335 vel

156 350 381 399 calcarato,
414 349 544 391 limbo
587 349 771 392 3-5-fido
809 359 923 403 saepe
963 349 1180 403 inaequali.
1209 348 1401 391 Stamina
1443 350 1514 392 1-4
1551 350 1655 393 tubo
1689 351 1861 393 corollae

155 408 319 450 inserta
339 408 488 450 libera.
515 407 723 450 Ovarium
744 407 1013 450 uniloculare
1036 408 1106 449 vel
1130 406 1381 450 triloculare
1404 408 1543 450 loculo
1567 409 1691 451 unico
1715 410 1861 464 fertili,

156 466 336 511 ovulum
374 466 616 509 solitarium
658 465 912 521 pendulum.
951 466 1141 509 Fructus
1179 466 1318 509 siccus
1356 466 1647 510 indehiscens.
1686 468 1861 511 Semina

158 524 441 578 albuminosa‚
467 524 648 579 embryo
674 527 835 578 rectus,
860 525 1051 568 radicula
1075 525 1211 566 hilum
1234 528 1448 579 spectans,

695 665 978 714 VALEMANA
1011 666 1068 727 (L.
1101 666 1199 714 Gen.
1230 666 1318 728 4⁴).

217 797 383 851 Calycis
405 797 565 840 limbus
584 809 665 852 per
688 797 887 839 anthesin
908 797 1133 840 involutus
1155 801 1305 851 postea
1323 798 1367 839 in
1385 810 1578 852 pappum
1610 799 1861 852 plumosum

156 858 342 900 fructum
395 860 675 899 coronantem
726 868 959 910 expansus.
1003 855 1175 898 Corolia
1216 855 1860 900 tubuloso-insundibulisormis

157 914 448 971 quinqueloba
475 915 579 957 tubo
607 927 743 970 supra
771 914 896 957 basin
922 911 1064 968 gibbo.
1099 913 1290 957 Stamina
1321 915 1416 958 tria.
1449 915 1636 959 Fructus
1666 916 1862 958 unilocu-

156 975 335 1017 laris—
362 973 519 1015 Hei-bae
544 985 775 1027 perennes.
804 973 954 1016 Flores
980 973 1024 1015 in
1051 974 1200 1016 multis
1225 974 1584 1028 hermapliroditi,
1608 976 1651 1016 in
1675 973 1863 1016 nonnul-

157 1034 209 1076 lis
251 1032 320 1088 (ut
356 1032 400 1073 in
440 1032 488 1073 V.
528 1031 691 1087 dioicci)
734 1032 874 1086 dioici,
916 1033 960 1074 in
999 1031 1094 1074 aliis
1130 1033 1508 1087 polygamo-dioici
1550 1033 1861 1088 speciminibus

155 1092 303 1135 alteris
326 1090 486 1133 corolla
509 1093 669 1146 majore
696 1095 739 1134 et
766 1091 1025 1133 staminibus
1049 1092 1252 1144 exsertis,
1280 1092 1428 1134 alteris
1451 1092 1612 1134 corolla
1635 1093 1801 1134 minore
1819 1095 1862 1135 et

156 1149 414 1193 staminibus
429 1150 612 1193 inclusis
634 1149 818 1203 donatis,
838 1150 915 1193 sed
934 1150 1024 1192 haee
1042 1152 1142 1192 nota
1165 1150 1210 1192 in
1227 1151 1539 1204 speciminibus
1557 1151 1861 1193 herbariorum

155 1222 242 1252 non
268 1212 334 1252 sat
358 1209 543 1264 copiosis
564 1221 678 1263 saepe
704 1209 870 1252 incerta
896 1212 939 1252 et
963 1209 1061 1251 ideo
1085 1222 1109 1251 a
1124 1221 1194 1252 me
1219 1210 1265 1252 in
1288 1210 1534 1263 specierum
1553 1210 1860 1253 distributione

152 1269 361 1321 neglecta.

652 1391 671 1409 ²
695 1390 888 1427 Rhizoma
907 1391 1050 1438 gracile
1072 1391 1359 1428 stoloniferum.

219 1494 254 1534 1.
287 1491 347 1533 V.
375 1489 568 1534 dioica
592 1491 658 1546 [L.
689 1490 762 1544 Sp.
791 1489 868 1545 44)
894 1490 1188 1545 glabriuscula
1209 1491 1358 1544 dioica,
1385 1491 1530 1534 radice
1552 1490 1703 1543 gracili
1730 1491 1861 1533 stolo-

155 1551 293 1594 nifera
323 1551 448 1603 longe
486 1551 685 1604 repenti,
722 1550 835 1592 foliis
883 1550 1187 1593 fasciculorum
1238 1550 1453 1593 sterilium
1490 1549 1860 1603 inferioribusque

156 1609 579 1653 ovato-subcordatis
604 1609 786 1663 integris
812 1607 1080 1663 longiuscule
1103 1609 1335 1663 petioIatis,
1369 1609 1550 1652 caulinis
1579 1608 1862 1651 inferioribus

158 1668 684 1723 lyrato—pinnatipartitis,
727 1668 1031 1723 superioribus
1083 1669 1128 1710 in
1167 1672 1389 1721 segmenta
1438 1668 1618 1710 linearia
1665 1667 1863 1722 3-5—juga

155 1727 471 1783 pinnatisectis‚
495 1727 701 1782 corymbo
725 1727 945 1769 terminali
965 1726 1221 1769 trichotomo
1243 1728 1402 1782 plantae
1419 1727 1627 1769 faemineae
1643 1725 1861 1779 densiore,

157 1786 343 1829 bracteis
378 1786 615 1828 linearibus
648 1786 800 1839 acutis,
822 1786 968 1828 fructu
994 1789 1120 1829 ovato
1148 1786 1297 1839 glabro
1333 1792 1370 1834 36
1413 1786 1466 1828 Ic.
1493 1786 1626 1828 Rchb.
1658 1785 1725 1838 lig.
1760 1786 1857 1827 120.

186 1859 302 1942 {iah
319 1860 360 1895 in
376 1860 498 1906 pratis
514 1859 700 1904 humidis,
724 1859 914 1905 Bithynia
930 1868 1051 1906 prope
1066 1858 1258 1895 Brussam
1276 1858 1458 1905 (Thirke)
1476 1859 1506 1894 E
1521 1859 1669 1894 ditione
1683 1858 1862 1894 nondum

154 1917 197 1943 Vl
226 1917 249 1941 l.

203 1969 263 2004 Ar.
290 1969 425 2014 Geoqr.
454 1969 614 2016 Europa
639 1969 859 2023 praesertim
891 1969 1063 2005 borealis
1098 1972 1135 2006 et
1167 1969 1299 2005 media
1333 1979 1355 2004 a
1384 1969 1647 2005 Scandinavia
1677 1968 1860 2004 meridio-

153 2016 237 2099 ssali
265 2017 315 2098 εἰς
336 2016 519 2099 fliossiam
551 2017 724 2053 medlam
756 2019 795 2052 et
823 2016 874 2052 ab
907 2016 1104 2063 Hispania
1137 2016 1289 2052 boreali
1319 2016 1368 2052 ad
1397 2016 1553 2052 Italiam
1588 2018 1625 2051 et
1658 2017 1861 2062 regionem

194 2074 270 2100 anu
302 2074 341 2099 ia
359 2074 435 2100 em.

449 2174 466 2191 '
492 2174 512 2191 ²
537 2174 731 2210 Rhizoma
747 2184 953 2210 ramosum
971 2174 1171 2221 pluriceps
1189 2184 1270 2210 non
1288 2173 1574 2210 stoloniferum.

215 2274 254 2315 2.
290 2273 350 2316 V.
386 2272 786 2316 alliariaefolia
818 2272 947 2327 (Vabl
974 2271 1127 2315 Elium.
1153 2272 1208 2324 Π,
1234 2286 1277 2328 p.
1313 2272 1386 2327 11)
1427 2271 1589 2325 glabra,
1625 2271 1862 2315 rhizomate

156 2344 301 2375 crasso
322 2345 493 2375 ramoso
517 2332 643 2382 duro,
669 2332 790 2374 caule
814 2332 924 2374 elato
949 2332 1130 2384 sulcato,
1152 2331 1265 2374 foliis
1292 2330 1556 2374 radicalibus
1578 2333 1621 2372 et
1645 2330 1861 2372 inferiori-

154 2392 237 2434 bus
252 2392 377 2444 longe
394 2391 610 2446 petiolatis
627 2391 782 2444 amplis
797 2390 985 2434 cordatis
1004 2402 1156 2443 grosse
1171 2391 1359 2433 dentatis
1378 2391 1445 2431 vel
1464 2389 1672 2444 repandis
1691 2389 1862 2432 obtusis

155 2451 222 2492 vel
247 2450 440 2493 breviter
465 2449 737 2503 acuminatis,
759 2449 1062 2504 superioribus
1089 2449 1213 2491 valde
1232 2448 1457 2491 diminutis
1481 2447 1796 2490 subsessilibus
1818 2450 1862 2491 et

154 2508 381 2551 sessilibus
399 2508 939 2561 cordato-triangularibus
962 2507 1245 2562 oblongisque
1272 2507 1455 2560 obtusis,
1478 2507 1683 2560 corymbo
1714 2507 1862 2548 termi-

153 2567 241 2610 nali
263 2567 429 2622 pluries
458 2568 670 2610 2-3-tomo
695 2566 877 2610 floribus
903 2567 1121 2619 confertis,
1150 2566 1334 2609 floribus
1360 2567 1514 2619 roseis,
1538 2566 1683 2608 fructu
1708 2566 1861 2618 glabro

161 2631 223 2674 26.
250 2626 307 2668 Ic.
334 2625 472 2669 Buxb.
490 2625 609 2669 Ceut.
631 2626 685 2677 II,
712 2627 798 2669 tab.
821 2628 886 2668 11.
910 2624 1035 2668 Jaub.
1055 2625 1119 2666 Ill.
1140 2625 1212 2668 Or.
1233 2626 1318 2668 tab.
1338 2626 1378 2667 9.
1408 2650 1463 2654 —-
1492 2624 1531 2667 V.
1556 2623 1862 2677 macroplcylla

153 2683 258 2727 ΜΒ.
287 2684 416 2727 Taur.
445 2684 570 2728 Cauc.
590 2685 623 2737 Ι,
647 2698 686 2739 p.
716 2687 785 2727 25.

200 2756 301 2792 Hah.
322 2758 364 2792 in
381 2757 587 2804 sylvaticis
605 2760 642 2792 et
662 2767 774 2793 secus
798 2757 949 2793 rivulos
977 2756 1143 2804 rigionis
1161 2757 1383 2804 subalpinae
1402 2757 1440 2792 et
1465 2755 1503 2791 al
1534 2756 1622 2801 inae,
1640 2755 1795 2791 Graecia
1817 2755 1859 2790 in

151 2805 285 2840 *monte
302 2804 527 2840 Xerovouni
547 2804 693 2840 Eubeae
722 2804 765 2840 in
794 2805 1042 2851 rupestribus
1068 2804 1251 2840 Carcaria
1269 2803 1373 2840 4000’
1408 2802 1502 2848 (Hel
1533 2813 1560 2838 r.
1580 2802 1700 2838 Herb.
1720 2802 1859 2838 Norm.

151 2850 268 2896 7981),
301 2851 498 2898 Olympus
528 2851 728 2898 Bithyniae
759 2852 799 2887 in
829 2852 988 2898 regione
1018 2851 1212 2898 sylvatica
1242 2851 1394 2896 (Boissl
1419 2850 1575 2896 Clamo,
1606 2849 1860 2899 Cappadocia

154 2898 351 2944 (Tourn.)‚
379 2899 580 2935 Cataoniae
599 2910 712 2934 mons
735 2899 964 2945 Berytdagh
989 2898 1094 2934 6000’
1122 2898 1348 2944 (Hausskl),
1375 2898 1531 2934 Taurus
1555 2897 1736 2933 Cilicicus
1753 2895 1860 2932 7000’

155 2944 244 2990 (Ky.
270 2945 384 2991 2461),
413 2946 601 2982 Armenia
631 2947 794 2982 Tui-oica
826 2946 1023 2992 (Bourgl),
1053 2945 1202 2981 Pontus
1236 2946 1398 2981 Lazicus
1427 2955 1549 2992 prope
1580 2944 1720 2991 Djimil
1753 2942 1859 2980 6000’

155 2991 245 3036 (Bal
256 2994 296 3038 l),
305 2992 506 3030 Caucasus
524 2994 654 3029 omnis
673 2993 833 3039 (Ledeb.
851 2993 1192 3041 Rupri),Georgia
1209 2992 1620 3040 Caucasicaaplanitie
1630 3002 1743 3028 secus
1751 2991 1860 3027 rivos
