2090 3291
208 235 279 272 970
944 243 1164 270 ERICACEAE.
1759 235 1895 272 Erwa.

208 318 416 361 Ovarium
444 317 792 371 quadriloculare
826 317 978 360 loculis
1014 317 1334 371 pluriovulatis.
1376 316 1560 370 Capsula
1602 318 1900 372 quadrivalvis

207 377 445 419 loculicida.
475 399 525 406 —
557 376 816 419 Suffrutices
843 377 907 418 vel
938 377 1131 418 frutices.

266 522 285 561 1
337 519 394 561 Ε.
426 519 678 562 arborea
707 517 770 573 (L.
803 518 875 573 Sp.
906 517 1011 576 502)
1046 521 1250 562 fruticosa
1289 522 1412 573 elata,
1440 524 1571 564 ramis
1610 521 1750 572 hirtis,
1782 521 1897 563 foliis

204 578 369 619 3-4-nis
400 583 584 631 anguste
620 578 856 620 linearibus
882 579 1012 620 dorso
1038 579 1214 622 sulcatis
1238 580 1414 633 glabris,
1454 581 1634 623 [loribus
1671 580 1819 634 parvis
1842 580 1897 621 ad

202 638 473 680 ramulorum
503 638 821 679 extremitatem
856 637 1006 692 paucis
1034 639 1335 681 terminalibus
1373 639 1616 693 paniculam
1648 639 1896 693 pyramida-

200 698 287 737 tam
323 697 563 748 elongatam
593 696 873 737 mullfissoram
903 697 1204 740 formantibus.
1239 698 1398 741 corolla
1436 697 1532 740 alba
1559 697 1754 741 breviter
1780 709 1895 740 cam—

198 755 405 808 panulata
446 755 564 807 apice
601 767 683 796 non
714 757 946 798 constricta
983 756 1036 798 ad
1074 756 1265 799 medium
1302 757 1548 812 quadrifida
1581 758 1724 810 calyce
1762 756 1894 809 duplo

198 813 403 866 longiore,
429 814 622 855 antheris
652 813 830 855 inclusis
859 815 951 856 basi
980 815 1229 858 biaristatis.
1254 815 1365 869 stylo
1389 820 1561 858 exserto
1598 815 1893 858 subdeclinato

197 872 395 925 stigmate
424 872 582 925 peltato
610 878 644 919 5.
692 872 741 914 lc.
778 872 837 914 Fl.
867 872 1002 915 Graec.
1041 874 1123 929 tab.
1160 876 1256 917 351.
1282 897 1340 905 ‹—
1362 874 1495 918 Rchb.
1520 874 1604 919 tab.
1639 875 1732 917 1¹13.
1760 899 1815 904 —-
1842 873 1891 916 Ε.

195 931 400 982 scoparia
423 929 465 971 C.
497 931 613 974 Koch
643 930 765 973 Linn.
792 932 955 983 XXIII,
982 946 1020 987 p.
1045 934 1142 975 624.

241 1012 331 1047 Hah
353 1013 391 1047 in
410 1013 578 1048 collibus
598 1015 769 1059 regionis
788 1015 983 1051 inferioris
1002 1016 1164 1051 Graeciae
1183 1018 1222 1052 et
1237 1017 1319 1062 ejus
1338 1016 1585 1059 insularuml,
1601 1015 1726 1051 Cretae
1742 1015 1891 1060 (Siebl),

192 1058 625 1101 Maced<›niae‚Thraciae
645 1064 681 1096 et
697 1061 894 1107 Bithyniae
910 1063 1089 1101 (Grisebl
1106 1064 1266 1107 Aucbll,
1280 1063 1473 1099 Anatolize
1493 1063 1664 1098 borealis
1682 1063 1891 1098 maritimae

192 1106 376 1151 (Tema),
395 1107 510 1143 Ponti
529 1107 654 1143 Lazici
673 1109 721 1144 ad
740 1109 885 1145 ostium
902 1110 993 1146 ssuv.
1010 1109 1061 1146 Of
1074 1110 1209 1155 (Ball),
1226 1111 1392 1147 Caucasi
1406 1110 1658 1146 occidentalis
1677 1111 1716 1145 in
1733 1109 1888 1145 Abcka-

191 1154 248 1188 sia
266 1155 477 1198 (Nordm.)

241 1227 300 1262 Ar.
317 1228 451 1272 Geogr.
482 1227 640 1274 Europa
667 1229 853 1264 australis
872 1240 894 1264 a
911 1229 1044 1265 Gallia.
1072 1230 1249 1275 australi,
1268 1230 1420 1276 *Tyrolo
1446 1229 1609 1266 australi
1640 1229 1688 1265 ad
1719 1229 1886 1275 istriam,

194 1273 323 1308 Africa
344 1273 525 1317 borealis,
540 1274 713 1318 Madera,
731 1276 871 1311 insulae
891 1276 1155 1313 Canarienses.

246 1415 282 1454 2.
319 1414 378 1456 E.
407 1416 772 1460 verticillata
800 1417 970 1469 (For-sk.
997 1418 1057 1462 Fl.
1086 1419 1156 1472 Eg.
1181 1419 1313 1461 Arab.
1342 1432 1379 1473 p.
1406 1419 1480 1474 25]
1508 1419 1732 1471 fruticosa,
1750 1420 1884 1462 ramis

185 1472 293 1515 albis
319 1473 495 1525 glabris,
520 1475 632 1516 foliis
660 1477 798 1518 ternis
827 1477 1018 1519 breviter
1045 1479 1281 1521 linearibus
1305 1478 1472 1521 obtusis
1502 1478 1658 1521 subtus
1683 1479 1880 1530 sulcatis,

188 1531 367 1574 floribus
393 1533 464 1574 3-5
487 1533 531 1575 in
559 1535 783 1577 fasciculos
810 1536 1010 1578 laterales
1034 1537 1256 1591 dispositis
1294 1549 1486 1580 racemos
1517 1538 1665 1591 longos
1692 1538 1882 1580 forman-

184 1591 316 1643 tibus,
346 1592 565 1644 pedicellis
604 1594 709 1636 flore
739 1595 1006 1648 longioribus
1043 1597 1129 1638 basi
1159 1597 1400 1651 squamulis
1436 1596 1681 1646 bracteatis,
1719 1597 1880 1639 corolla

185 1652 310 1691 rosea
337 1652 635 1704 campanulata
662 1653 713 1694 ad
743 1654 932 1696 medium
953 1655 1195 1709 quadrifida
1222 1656 1363 1712 calyce
1384 1657 1486 1709 plus
1511 1655 1642 1710 duplo
1667 1655 1876 1709 longiore,

183 1709 378 1751 antberis
401 1711 588 1753 exsertis
617 1724 701 1754 non
726 1714 1069 1766 appendiculatis
1098 1715 1246 1758 loculis
1271 1715 1323 1757 ad
1348 1714 1472 1758 basin
1495 1726 1636 1768 usque
1659 1714 1876 1767 discretis,

185 1767 384 1820 stigmate
416 1770 529 1822 stylo
553 1770 625 1812 vix
652 1772 804 1813 latiore
830 1779 866 1820 5.
903 1771 953 1814 Ε.
980 1773 1314 1826 ηιαηίραίᾔὶονα
1338 1773 1492 1817 Salisb.
1529 1773 1591 1816 Fl.
1626 1772 1759 1815 Graec.
1785 1773 1871 1815 tab.

185 1825 282 1867 352.
301 1852 354 1856 —
380 1826 429 1868 E.
455 1828 621 1870 Crete'ca
643 1830 824 1873 Tauscb.
846 1856 900 1862 -
927 1831 976 1874 Ε.
1001 1832 1323 1875 Mediterranea
1347 1833 1459 1876 Sieb.
1484 1845 1574 1875 exs.
1604 1836 1646 1875 et
1663 1831 1767 1875 Urv.
1790 1844 1876 1874 non

182 1882 227 1925 L.
259 1910 312 1914 —
342 1884 390 1927 E.
419 1899 584 1939 z'ayans
610 1888 725 1930 Kocb
757 1890 857 1943 Syn.
895 1904 977 1933 non
1008 1893 1052 1934 L.
1081 1897 1123 1934 et
1157 1892 1249 1934 Blh.
1283 1893 1326 1935 in
1354 1906 1434 1936 oc.
1476 1891 1628 1934 Prodr.
1665 1904 1718 1934 ex
1752 1894 1875 1945 parte

181 1944 323 2044 quoaltl
352 1946 538 1998 plantam
564 1946 840 1991 Orientalem.
859 1975 914 1979 --
941 1949 990 1992 E.
1014 1951 1255 2004 nmltelflora
1280 1952 1477 1994 Decaisn.
1500 1951 1557 2006 pl.
1579 1951 1735 1993 Palest.
1755 1963 1782 2004 p
1822 1951 1873 1993 10

179 2014 263 2044 non
328 2037 335 2045 .

224 2085 328 2120 Hah.
351 2087 389 2121 in
410 2087 565 2132 regione
589 2089 760 2125 inferiori
781 2091 1041 2138 Peloponnesi
1063 2093 1211 2139 (Boryl‚
1230 2094 1368 2128 Atticae
1385 2092 1550 2139 (Sprunl
1575 2091 1719 2128 Heldrl
1748 2090 1868 2138 Orpb.

177 2131 231 2167 Fl.
251 2143 331 2167 exs.
356 2133 472 2177 2151),
503 2135 691 2181 Zacynthi
709 2137 884 2183 (Margi).
904 2140 1158 2186 Cephaloniae
1179 2140 1365 2184 (Heldrl),
1386 2140 1528 2176 Eubeae
1545 2139 1728 2184 (Heldrl),
1747 2139 1871 2174 Cretae

174 2180 294 2223 (Siebl
330 2180 500 2225 Heldrl),
531 2183 710 2219 Thraciae
736 2188 773 2219 et
793 2185 1031 2222 Macedoniae
1058 2188 1215 2232 (Frivlj,
1236 2187 1417 2234 Byzantii
1435 2191 1473 2222 et
1490 2187 1687 2232 Bithyniae
1718 2186 1870 2230 (Boissl

172 2226 314 2319 (genisteb
328 2229 363 2272 l),
396 2227 531 2274 Lydiae
559 2229 694 2277 (Ball),
715 2232 965 2280 Archipelagi
984 2235 1123 2280 (Urv.),
1142 2235 1265 2280 Syriae
1286 2234 1469 2271 littoralis
1488 2233 1656 2279 (Gaill!).
1685 2232 1742 2269 Fl.
1764 2235 1867 2279 Aug.

220 2346 265 2381 E.
287 2358 440 2393 vayans
459 2348 488 2383 L
515 2349 651 2395 planta
671 2351 838 2398 Europa?
854 2353 1104 2389 occidentalis
1119 2364 1208 2390 cum
1225 2354 1267 2390 E.
1287 2353 1521 2392 υενιίρίίἰατᾶ
1540 2354 1684 2401 saepius
1704 2354 1868 2390 confusa

172 2393 300 2429 differt
320 2396 437 2430 ramis
458 2396 575 2432 fuscis
596 2398 658 2433 vel
680 2399 911 2435 virentibus.
929 2403 1077 2436 statura
1100 2401 1695 2448 humi1101·e,1oliislongiombus
1710 2401 1865 2445 4-5-nis‚

169 2441 313 2488 sepelis
329 2446 366 2477 et
383 2443 538 2479 corollae
563 2444 663 2480 loliis
683 2446 963 2482 obtusioribus.

214 2515 276 2550 Ar.
299 2516 431 2562 Geogr.
460 2517 584 2560 Istria,
602 2518 810 2555 Dalmatia.

199 2648 263 2713 ⁸3.
291 2647 347 2691 Ε.
376 2649 707 2695 multiflora
738 2653 803 2706 (L.
835 2654 904 2707 Sp.
937 2656 1041 2710 503)
1057 2656 1277 2700 ‘fruticosa
1303 2657 1608 2710 glabriuscula,
1632 2656 1745 2698 soliis
1769 2656 1864 2696 4·5-

165 2719 232 2747 nis
257 2707 492 2751 linearibus
521 2710 697 2759 obtusis,
718 2713 874 2755 subtus
901 2714 1093 2762 sulcatis,
1122 2715 1303 2758 floribus
1332 2717 1374 2759 in
1405 2716 1631 2759 fasciculos
1659 2714 1862 2756 axillares

166 2776 357 2808 racemos
384 2768 540 2810 breves
565 2775 714 2812 ovatos
741 2771 913 2813 foliosos
940 2773 1189 2817 terminales
1214 2776 1451 2818 formantes
1473 2774 1713 2829 dispositiS,
1742 2772 1862 2827 pedi-

163 2825 282 2866 cellis
321 2826 426 2868 ssore
460 2828 626 2882 ”2-3-plo
663 2830 942 2882 longioribus,
981 2832 1139 2874 corolla
1178 2838 1303 2877 rosea
1337 2832 1861 2886 tubuloso-campanulata

162 2884 304 2935 calyce
347 2886 477 2939 duplo
520 2888 727 2940 longiore,
762 2891 956 2931 antheris
1000 2892 1124 2945 longe
1166 2895 1353 2936 exsertis
1395 2906 1480 2935 non
1517 2891 1862 2947 appendiculatis

161 2940 312 2985 loculis
345 2946 462 2997 apice
493 2950 657 2989 tantum
697 2949 909 2996 disci-etis,
940 2951 1138 3004 stigmate
1178 2965 1259 2994 non
1296 2953 1533 2996 incrassato
1565 2959 1599 3000 5.
1637 2950 1690 2992 Ic.
1724 2949 1857 2992 Rchb.

161 3000 243 3041 tab.
280 3004 367 3044 llll.
389 3030 441 3033 --
461 3004 505 3046 E.
528 3007 846 3056 petiunculam
874 3009 1012 3052 Presl.
1037 3033 1090 3040 -—
1116 3011 1162 3053 E.
1188 3024 1353 3065 armans
1378 3013 1494 3056 Desf.
1522 3012 1607 3055 Atl.
1638 3025 1720 3055 non
1750 3010 1796 3052 L.

2080 616 2083 652 fi
2080 593 2082 609 μ
2081 568 2085 582 ,
2078 534 2084 557 ,a
2064 0 2083 525 r—fJ—ssffffl-ff-fflffl
