2095 3206
209 189 259 226 80
955 192 1182 219 RUBIACEAE.
1735 184 1913 223 Galium.

211 268 496 315 Mesopotamia
514 267 616 302 inter
633 263 830 311 Biredjick
855 266 893 299 et
910 263 1004 299 Orsa
1021 261 1252 308 (Hausski),
1283 262 1397 308 Syria
1423 263 1507 299 bor.
1539 259 1585 300 in'
1611 266 1765 301 Amano
1786 266 1918 312 (Ky!),

210 316 354 352 Libani
389 315 594 350 cacumina
630 311 738 356 (Bit)
773 313 812 346 et
845 310 1057 346 Hermonis
1096 309 1188 355 (ΚΥ.
1221 310 1343 354 2051),
1374 313 1527 347 montes
1565 318 1686 358 supra
1721 313 1919 349 Nazareth

209 363 384 407 (Rothi),
416 362 602 396 Armenia
621 358 794 393 Kurdica
822 358 941 402 (Noe')
971 359 1009 392 et
1040 357 1206 392 Turcica
1236 356 1286 392 ad
1303 357 1412 403 Ispir,
1446 358 1643 401 Erzerum,
1673 360 1742 394 etc.
1773 360 1918 405 (Huetl

211 409 341 453 Bourg
358 410 396 451 l),
413 407 572 449 Tauria,
599 407 801 440 Caucasus
822 406 862 439 et
878 414 987 451 prov.
1005 404 1347 439 Transcaueasicae
1378 403 1513 448 (Stevt
1543 405 1687 450 Hohl),
1718 406 1915 442 Caucasus

210 455 411 491 orientalis
429 452 682 489 eoois-1050&
707 451 834 497 (Rupr
847 453 884 496 l),
902 450 1035 486 Persia
1057 450 1139 486 bor.
1158 450 1198 486 in
1219 453 1352 486 monte
1373 450 1518 487 Elbrus
1538 451 1611 497 Ky.
1630 453 1697 488 981
1728 456 1766 489 et
1797 463 1919 500 prope

208 501 415 538 Schahrud
433 501 532 546 (Bge
547 501 584 544 Ι).

275 568 318 622 β.
353 565 633 619 isoplzyllmn.
663 587 718 594 -—-
741 563 877 606 Valde
914 563 1094 614 hirtum,
1139 563 1238 606 folia
1274 563 1419 606 omnia
1461 575 1595 617 parva
1637 564 1805 607 floralia
1845 565 1920 608 vix

213 628 390 681 majora,
414 637 549 678 cymae
572 623 670 665 folia
697 622 866 665 floralia
896 622 1264 676 subsupcrantes,
1290 623 1435 665 caules
1460 623 1642 676 graciles
1669 623 1831 667 diffusi.

264 699 364 735 Hab.
381 698 422 733 in
439 697 570 743 Lyciae
590 700 723 732 monte
740 695 921 741 Akdagh.
942 695 1104 741 (Bourg.
1120 696 1227 741 1261)

276 786 316 825 y.
350 762 688 816 stenopleyllnm.
727 785 784 794 —
814 762 916 804 Basi
954 763 1089 815 magis
1133 762 1462 805 suth-uticosum
1512 764 1673 818 saepius
1706 765 1922 818 glabrum,

217 824 362 867 caules
403 822 639 863 erectiores
680 821 938 874 rigidiores,
980 821 1079 864 folia
1114 821 1318 863 inferiora
1351 824 1393 864 et
1434 834 1659 865 ramorum
1702 824 1922 866 sterilium

218 883 406 936 elletico
436 881 502 922 vel
537 880 975 923 lanceolam-linearia
1016 891 1132 933 saepe
1170 880 1375 934 longiora.
1404 905 1460 911 -
1498 880 1545 923 G.
1583 881 1812 924 Persicum
1841 894 1922 925 nc.

221 942 373 983 Prodr.
399 941 467 991 IV,
491 954 531 994 p.
558 941 657 981 605.

269 1015 372 1050 Hah.
403 1014 443 1049 in
471 1014 582 1048 siccis
617 1023 721 1060 saepe
755 1010 937 1048 eretaceis
969 1014 1187 1060 praesertim
1217 1014 1420 1059 regionum
1452 1013 1734 1050 australiorum
1764 1017 1802 1049 et
1831 1014 1924 1050 cali-

216 1063 387 1105 diorum,
404 1061 583 1106 Bulghas
599 1061 714 1105 Dagh
731 1059 911 1106 Phrygiae
927 1060 1015 1105 (Bal
1029 1063 1067 1104 Ι),
1084 1061 1203 1106 Lycia
1218 1060 1268 1096 ad
1282 1060 1613 1107 Elmalu(Bourg.
1627 1061 1749 1106 1251),
1767 1061 1922 1098 Taurus

219 1110 272 1145 ad
291 1108 421 1145 Gulek
440 1108 577 1153 (Ball),
604 1108 752 1143 Pontus
771 1107 932 1143 Lazicns
949 1108 998 1143 ad
1017 1107 1261 1143 Khabakhar
1281 1108 1373 1152 (Bal
1389 1110 1427 1153 l),
1453 1109 1741 1155 Mesopotamia
1758 1111 1796 1144 et
1812 1109 1925 1154 Syria

223 1157 304 1192 bor.
326 1156 374 1191 ad
395 1155 551 1199 Aintab,
571 1154 729 1199 Suerek,
749 1156 819 1190 etc.
842 1154 940 1200 (Kyl
962 1154 1168 1199 Haussk!)‚
1194 1165 1308 1190 mons
1327 1155 1488 1190 Cassius
1506 1155 1636 1199 (Boiss
1652 1158 1688 1200 l),
1704 1155 1925 1191 Antilibani

220 1203 369 1239 radices
382 1202 532 1247 (Boissi
551 1202 658 1237 Gaill
674 1204 712 1247 1),
728 1204 880 1237 montes
898 1201 989 1237 Kuh
1009 1202 1109 1238 Delu
1128 1206 1165 1238 et
1183 1202 1273 1237 Kuh
1288 1202 1424 1238 Daena
1442 1203 1585 1238 Persiae
1604 1202 1788 1238 australis
1806 1203 1887 1249 (Ky
1899 1205 1925 1247 l)

217 1255 258 1286 et
276 1252 428 1286 montes
445 1249 615 1296 Ispahan
635 1249 775 1294 (Auch.
795 1249 934 1293 46471).

266 1313 421 1360 Species
440 1312 681 1357 indumento,
708 1312 892 1348 foliorum
919 1312 1056 1356 form-st,
1088 1312 1270 1348 caulibus
1302 1313 1490 1349 brevibus
1521 1312 1584 1349 vel
1611 1313 1802 1359 elongatis
1834 1315 1924 1362 plus

219 1361 354 1397 minus
374 1361 510 1395 erectis
530 1360 593 1395 vel
612 1359 941 1395 decumbentibus
961 1359 1078 1395 valde
1101 1360 1378 1407 polymorpha.

287 1475 356 1516 87.
391 1473 451 1516 G.
486 1484 739 1516 vernum
766 1472 911 1528 (Scep.
936 1471 1062 1516 Carn.
1085 1474 1116 1527 Ι,
1140 1487 1180 1528 p.
1209 1475 1287 1521 99.
1314 1474 1398 1518 tab.
1429 1474 1475 1530 Ξ)
1500 1486 1694 1530 perenne
1727 1477 1926 1529 glabrum

223 1534 290 1577 vel
320 1533 419 1587 plus
446 1532 592 1574 minus
615 1532 874 1587 pubescens,
900 1533 1096 1575 caulibus
1114 1534 1321 1576 tenuibus
1346 1534 1570 1577 herhaceis
1588 1535 1926 1578 ascendentibus

222 1593 291 1635 vel
317 1591 693 1643 decumbentibus,
725 1591 839 1633 foliis
865 1592 1092 1646 quaternis
1118 1592 1344 1636 trinerviis
1372 1594 1510 1636 ovatis
1536 1593 1605 1636 vel
1628 1594 1927 1647 oblongo-lan-

223 1651 400 1694 ceolatis
443 1650 748 1704 superioribus
785 1650 859 1692 vix
890 1649 1153 1703 majoribus,
1195 1653 1331 1706 cymis
1373 1651 1627 1695 axillaribus
1670 1652 1928 1696 ebracteatis

222 1710 335 1753 foliis
368 1708 648 1751 brevioribus
672 1708 741 1751 vel
768 1720 819 1751 ca
843 1709 1131 1763 aequantibus,
1165 1711 1337 1753 corollae
1371 1711 1498 1754 luteae
1532 1711 1643 1753 lobis
1679 1711 1927 1754 lanceolatis

221 1767 502 1816 acuminatis,
549 1768 693 1810 fructu
738 1768 886 1820 glabro
933 1767 1029 1810 laevi
1072 1775 1131 1816 26.
1185 1769 1235 1812 lc.
1280 1770 1412 1812 Bauh.
1454 1770 1564 1813 Hist.
1610 1769 1694 1824 ΙΙΙ,
1745 1784 1786 1825 p.
1829 1771 1928 1822 717,

224 1828 292 1881 fig.
330 1828 368 1868 ΞΖ.
397 1851 454 1856 -
483 1826 530 1868 G.
558 1825 757 1868 Baemivnzf
784 1827 921 1869 Roem.
954 1831 997 1870 et
1024 1827 1121 1871 Sch.
1148 1827 1263 1882 Syst.
1288 1828 1372 1881 ΙΙΙ,
1407 1841 1448 1883 p.
1477 1830 1574 1871 218.
1597 1853 1653 1859 -
1681 1829 1730 1871 G.
1757 1828 1929 1870 Hallerz'

225 1886 273 1928 R.
295 1889 337 1928 et
365 1885 459 1927 Seli.
489 1886 566 1928 loc.
589 1886 658 1928 cit.
689 1910 741 1915 —-
771 1884 819 1928 G.
849 1885 1038 1937 Seopocii
1065 1887 1162 1929 Vill.
1183 1888 1353 1943 Danph.
1378 1889 1410 1941 Ι,
1437 1901 1480 1943 p.
1509 1888 1608 1930 304.
1638 1912 1693 1919 -
1729 1886 1930 1931 Valentia

220 1943 378 1997 ylahra
398 1945 444 1986 L.
468 1943 540 1998 Sp.
570 1945 668 1987 491.

271 2017 376 2053 Hab.
396 2017 434 2051 in
455 2017 665 2062 umbrosis,
683 2017 853 2053 Thracia
874 2028 996 2065 prope
1015 2019 1187 2055 Car-lova
1205 2019 1326 2064 (Friv.
1346 2030 1394 2055 ex
1413 2020 1602 2066 Griseb.),
1619 2020 1807 2056 Armenia
1828 2019 1927 2055 Ros-

226 2065 308 2100 sica
328 2065 394 2109 (ex
413 2064 454 2099 C.
477 2063 606 2099 Koch!
627 2065 696 2100 sed
716 2065 825 2101 locus
843 2066 942 2101 mihi
961 2066 1136 2112 dubius).

275 2130 338 2164 Ar.
357 2129 491 2174 Geoqr.
521 2129 653 2165 Gailia
683 2130 802 2166 occid.
833 2133 871 2166 et
903 2131 1107 2176 australis,
1138 2132 1335 2178 Hispania
1364 2134 1460 2179 sept.
1497 2134 1535 2168 et
1560 2132 1712 2176 media,
1747 2131 1932 2167 Helvetia

224 2176 428 2221 australis,
447 2177 664 2212 Germania
680 2177 883 2213 orientalis
900 2181 939 2214 et
956 2179 1151 2223 australis,
1173 2179 1296 2225 ltalia,
1316 2179 1526 2223 Dalmatia,
1551 2180 1659 2225 regio
1679 2178 1931 2222 Danubialis,

227 2223 367 2259 Bossia
387 2223 518 2258 media
535 2228 574 2259 et
590 2224 795 2269 australis,
812 2225 957 2261 Sibiria
975 2226 1137 2262 Altaica.

912 2340 955 2382 4-
1009 2341 1052 2383 4-
1101 2340 1255 2375 Annua.

287 2425 357 2467 88.
394 2424 454 2467 G.
488 2424 1000 2470 pedemontanum
1026 2427 1132 2483 (All.
1166 2428 1292 2472 Auci..
1326 2442 1367 2484 p.
1398 2430 1444 2484 2)
1481 2441 1701 2482 annuum,
1735 2428 1933 2472 caulibus

227 2483 432 2527 tenuibus
450 2484 722 2538 simplicibus
743 2486 900 2528 erectis
919 2490 1165 2530 retrorsum
1181 2488 1431 2531 aculeolatis
1451 2490 1750 2543 praetereaque
1769 2487 1933 2541 glabris

227 2543 297 2586 vel
320 2543 467 2597 patule
486 2543 681 2597 hirsutis,
703 2543 817 2586 foliis
834 2545 1060 2599 quaternis
1077 2546 1485 2601 elliptieo-oblongis
1502 2547 1727 2590 trinerviis
1751 2546 1933 2589 hirsutis

228 2603 402 2644 tandem
437 2599 612 2645 reflexis
646 2603 874 2646 verticillis
912 2605 1107 2658 remotis,
1131 2606 1394 2660 pedunculis
1425 2606 1680 2649 axillaribus
1711 2604 1932 2647 1-2-ss0ris

228 2660 489 2703 ebracteatis
535 2661 635 2704 folio
678 2662 816 2705 multo
865 2662 1143 2707 brevioribus
1186 2665 1311 2719 longe
1353 2665 1548 2714 villosis,
1589 2664 1761 2707 corollae
1806 2664 1936 2706 luteae

231 2719 341 2762 lobis
384 2720 459 2760 3-4
505 2720 646 2763 ovatis
696 2721 992 2773 acutiusculis‚
1036 2724 1183 2766 fructu
1231 2724 1379 2777 glabro
1422 2724 1518 2766 laevi
1566 2727 1631 2773 Θ.
1678 2722 1726 2765 G.
1769 2725 1935 2765 retror-

229 2788 329 2819 sum
350 2790 431 2821 n.c.
459 2779 615 2821 Prodr.
640 2778 712 2832 IV,
737 2793 777 2835 p.
806 2782 906 2823 605.
934 2805 987 2811 —
1021 2781 1223 2824 Valentia
1243 2783 1568 2825 Petlemontana
1594 2782 1701 2825 Bell.
1727 2781 1840 2836 App.
1864 2782 1935 2833 46,

231 2836 316 2878 tab.
339 2838 378 2878 5.
408 2860 456 2867 —
481 2838 550 2880 W.
579 2838 629 2880 K.
663 2838 721 2893 pl.
748 2852 836 2882 rar.
860 2839 893 2894 I,
915 2840 998 2883 tab.
1026 2842 1095 2883 33.

280 2908 453 2961 Hah-ad
472 2921 584 2957 sepes
601 2914 640 2948 et
658 2912 699 2947 in
713 2914 913 2950 umbrosis
928 2917 1146 2962 praesertim
1164 2916 1336 2962 regionis
1349 2918 1559 2960 montanae,
1572 2916 1724 2953 Graecia
1737 2917 1777 2952 in
1792 2915 1936 2963 pinetis

228 2955 410 3001 Tayge..,
438 2957 623 2994 Pentelici
640 2961 679 2995 et
702 2960 885 2997 abietinis
906 2963 1053 2998 montis
1073 2963 1164 2998 Onii
1199 2963 1358 2999 Baeotite
1376 2963 1572 3009 (Heldrl),
1599 2963 1784 2999 Anatolia
1813 2963 1937 2999 occid.
